2842 4800
2241 406 2372 491 28,

338 597 552 666 natur,
600 606 684 650 eo
710 582 1022 649 videlicet
1045 582 1219 668 quod
1245 582 1415 655 Θεος
1437 602 1676 669 groeee,
1702 581 1783 668 [i.
1801 579 1894 666 e.]
1920 578 2129 658 Deus,
2176 588 2358 641 teste-

345 696 635 779 Isidoro,
682 699 878 762 timor
899 699 1365 780 interpretatur
1386 709 1452 760 et
1475 706 1771 779 potestas
1794 691 2129 778 quaelibet
2153 692 2358 785 timor!

345 819 457 874 est
491 809 932 881 subditorum.
994 808 1187 886 Quod
1221 822 1437 875 autem
1464 808 1733 873 verbum
1757 806 1892 872 Dei
1916 808 2061 888 ipsa
2087 805 2352 886 sapien·

339 926 436 988 tia
468 924 589 1005 sit,
630 936 857 1006 aperte
899 924 967 987 in
991 921 1464 987 Ecclesiastico
1511 920 1615 985 his
1659 919 1878 984 verbis
1917 927 2347 983 monstratur:

337 1038 553 1100 omnis
600 1037 931 1118 sapientia
979 1057 1022 1101 a
1064 1037 1327 1101 domino
1373 1035 1520 1100 Deo
1580 1046 1682 1098 est
1737 1046 1807 1097 et
1869 1051 2014 1096 cum
2058 1026 2179 1093 illo
2223 1026 2352 1095 fuit

340 1168 608 1231 semper
641 1159 709 1213 et
731 1160 835 1213 est
856 1161 1010 1214 ante
1037 1170 1296 1214 aevum.
1354 1146 1762 1229 Sapientiam
1783 1144 1919 1210 Dei
1949 1143 2352 1227 praecedam».

339 1264 728 1327 tem'omnia
762 1264 907 1346 quis
938 1261 1407 1348 investigavit?
1467 1261 1659 1333 Prior
1689 1262 1975 1325 omnium
1999 1268 2222 1322 creata
2245 1269 2351 1320 est

338 1375 675 1457 sapientia
732 1388 802 1441 et
855 1373 1239 1440 intellectas
1298 1375 1681 1458 prudentiae
1740 1374 1823 1439 ab
1884 1392 2078 1437 aevo.
2168 1371 2352 1436 Fons

347 1487 720 1569 sapientiae
788 1487 1059 1552 verbum
1102 1488 1237 1553 Dei
1292 1489 1361 1552 ia
1424 1486 1735 1552 excelsis.
1825 1484 2050 1550 David
2092 1494 2352 1569 quo'que

348 1610 690 1664 aeternam
731 1599 856 1665 filii
897 1603 1393 1687 generationem
1440 1623 1526 1665 ex
1569 1600 1945 1683 Deopatre
1987 1609 2215 1681 aperte
2251 1599 2358 1661 in-

338 1717 597 1794 sinuat,
678 1713 792 1778 ubi
851 1734 1203 1797 personam
1261 1714 1387 1780 filii
1447 1715 1543 1778 sic
1584 1713 1915 1797 loquentis
1958 1711 2314 1777 introducit
2333 1730 2360 1774 z.

349 1824 685 1891 Dominus
731 1827 901 1892 dixit
942 1826 1026 1892 ad
1067 1849 1199 1907 me,
1240 1826 1419 1893 filins
1460 1847 1646 1893 meus
1691 1848 1765 1891 es
1809 1837 1905 1906 tu,
1950 1838 2021 1890 et
2065 1836 2355 1889 caetera-

349 1938 632 2004 Postula
687 1961 728 2002 a
781 1961 887 2004 me
933 1951 999 2005 et
1044 1938 1213 2004 dabo
1256 1940 1379 2004 tibi
1435 1953 1672 2031 gentes
1717 1939 1781 2004 h.
1829 1945 1941 2020 (t.)
2029 1936 2203 2003 Tale
2248 1949 2354 2002 est

347 2063 569 2115 autem
616 2052 789 2134 qnod
834 2054 967 2131 ait,
1036 2074 1163 2140 ego
1222 2051 1420 2118 hodie
1465 2056 1664 2140 genui
1708 2067 1811 2134 te,
1859 2050 1955 2118 'ao
1999 2054 2060 2118 si
2102 2052 2356 2118 diceret

344 2166 774 2231 aeternaliter
849 2189 935 2232 ex
989 2189 1140 2232 mea
1194 2166 1565 2233 substantia
1635 2190 1733 2234 es.
1823 2166 1999 2244 Quia
2062 2166 2356 2232 enimin

345 2283 741 2349 aeternitate
797 2280 964 2346 nihil
1023 2297 1128 2349 eet
1181 2285 1605 2367 praeteritum
1666 2282 1777 2348 vel
1834 2283 2156 2362 futurum,
2230 2280 2352 2347 sed
2451 2364 2456 2373 ἣ

349 2397 548 2462 modo
589 2418 934 2479 praesens,
978 2396 1131 2462 ideo
1164 2383 1478 2464 adrerbio
1503 2401 1873 2481 praesentis
1896 2396 2209 2481 temporis
2229 2417 2350 2480 pre

347 2512 745 2575 aeternitate
787 2530 945 2575 usus
994 2522 1120 2588 est,
1168 2512 1444 2575 dicendo
1490 2510 1713 2590 hodie,
1757 2532 1874 2593 pro
1901 2508 2352 2576 aeternaliter.
2419 2515 2428 2524 “

347 2621 537 2688 Bene
582 2636 801 2688 autem
843 2622 929 2686 ad
970 2620 1168 2686 hodie
1211 2622 1464 2687 addidit
1504 2626 1744 2710 genui,
1793 2625 1980 2706 quasi
2020 2621 2354 2705 praesenti

345 2739 810 2818 praeteritum,
866 2748 938 2800 ut
979 2734 1267 2800 scilicet‘
1283 2739 1495 2820 ipsam
1537 2738 2034 2823 generationem
2080 2758 2193 2818 per
2231 2735 2351 2800 ho·
2431 2821 2440 2830 N

351 2851 464 2915 die
525 2863 941 2934 praesentem
1008 2872 1308 2934 semper,
1370 2872 1488 2934 per
1537 2851 1734 2938 genui
1794 2849 2156 2933 perfectam
2197 2870 2351 2915 esse
2409 2879 2412 2886 2

348 2961 777 3050 significaret,
833 2983 1162 3045 nunquam
1205 2962 1465 3028 scilicet
1508 2974 1620 3027 aut
1665 2983 1929 3044 cessare
1974 2974 2090 3026 ant
2129 2964 2349 3043 incep-

351 3090 487 3144 tam
530 3100 706 3144 esse.
770 3074 1025 3161 Quippe
1074 3098 1240 3161 qaae
1283 3079 1639 3160 praeterita
1670 3090 1821 3142 sunt
1857 3057 2353 3162 jam'emnpleta

283 3178 288 3184 ’
350 3204 504 3258 sunt
549 3204 616 3256 et
656 3192 974 3275 perfecta.
1031 3189 1193 3255 Ideo
1236 3192 1665 3274 praeteritum
1692 3189 2107 3272 (perfeetum)
2132 3197 2191 3271 ⁶)
2231 3211 2352 3273 pro

352 3304 762 3409 perfectione
802 3304 1043 3386 posuit,
1090 3302 1448 3368 ostendens
1488 3302 1768 3381 scilicet,
1811 3302 2022 3374 filium
2056 3323 2141 3368 ex
2165 3314 2353 3386 patre

352 3435 612 3502 semper
654 3418 839 3503 gigni
886 3428 955 3480 et
994 3437 1255 3499 semper
1294 3418 1588 3502 genitum
1647 3437 1822 3480 esse.
1909 3413 2041 3491 Qui
2082 3428 2151 3481 et
2192 3415 2355 3481 alibi

349 3532 643 3614 apertius
676 3531 1134 3599 aeternitatem
1172 3525 1306 3592 filii
1343 3538 1749 3610 protestatur
1791 3528 2049 3593 dicens:
2096 3549 2352 3611 perma-

351 3642 540 3709 nebit
600 3653 749 3708 cnm
805 3640 953 3707 sole
1008 3653 1078 3705 et
1122 3652 1276 3707 ante
1319 3639 1547 3705 lunam
1594 3652 1662 3706 et
1704 3652 1987 3705 caetera.
2075 3641 2183 3711 De
2226 3642 2354 3710 hae

353 3771 614 3842 queque
681 3753 1010 3822 ineffabili
1088 3756 1517 3842 generatione
1587 3768 1860 3820 aeterna
1929 3757 2074 3820 sive
2151 3757 2351 3854 etiam

350 3866 735 3951 temporali,
788 3887 1062 3955 quarum
1103 3878 1381 3952 utraque
1422 3865 1746 3944 mirabilis
1790 3879 1931 3946 est,
1975 3866 2189 3932 Isaiae
2234 3866 2351 3946 ad-
2455 3935 2464 3946 ,

348 3985 597 4052 mirans
656 3984 784 4049 ait:
840 3983 1334 4069 generationem
1392 3983 1542 4067 ejus
1606 3982 1750 4066 qais
1807 3978 2152 4059 onerabit}
2250 3979 2350 4047 Ae

353 4098 413 4162 si
456 4108 686 4181 aperte
726 4097 932 4177 dicat,
975 4117 1108 4162 non
1151 4108 1256 4162 est
1288 4095 1626 4161 disserere
1654 4093 1924 4172 humani
1939 4094 2193 4182 ingenii
2234 4092 2356 4161 ned
