2842 4800
1956 378 2297 449 XXXVII

289 560 631 645 summis
731 558 934 655 meis
984 560 1234 641 [votis
1327 572 1452 649 est
1484 615 1512 659 ‚
1608 572 1703 640 ut
1790 554 2003 638 liber
2041 558 2310 641 ffmox'

291 720 693 816 appareat
781 718 1022 814 atque
1095 701 1333 787 simul
1430 728 1617 784 cum
1706 717 1994 784 nostro
2085 703 2298 784 libro

292 862 538 961 atque
588 850 685 931 iis
739 877 944 959 quac
1022 848 1252 958 prius
1302 872 1409 930 ex
1463 846 1969 929 Bibliotheca
2013 846 2298 929 Caesa·

292 1024 444 1078 rea
496 993 1118 1080 vindobonensi
1195 991 1712 1075 exhibuimus
1787 990 2298 1103 fragmentis,

296 1140 661 1229 studium
686 1137 1121 1222 Abaelardi
1155 1139 1371 1248 apud
1393 1137 1770 1249 aequales
1797 1128 2064 1220 denuo
2088 1136 2301 1219 exci-
2346 1172 2351 1177 ·

296 1300 444 1388 tet,
469 1284 686 1366 unde
716 1282 1041 1364 demum
1062 1281 1481 1383 efficietur,
1514 1298 1608 1365 ut
1643 1283 2014 1365 omnibus
2035 1284 2301 1366 Abae·
2423 1372 2431 1387 κ

298 1431 511 1512 lardi
564 1428 950 1540 operibus
1031 1429 1386 1510 collectis
1453 1442 1694 1541 atque
1759 1428 1998 1509 simul
2070 1429 2301 1511 editis

300 1590 925 1659 monumentum
962 1574 1144 1656 tali
1181 1577 1411 1660 Viro'
1434 1575 1771 1686 dignum
1803 1588 2300 1657 exstruatur.

299 1722 525 1804 Dum
556 1717 718 1806 hoc
747 1748 1172 1832 speramus
1205 1735 1289 1802 et
1325 1720 1807 1831 expetimus,
1867 1716 2020 1801 sub
2051 1706 2305 1803 finem

301 1867 567 1949 verba
621 1865 1181 1978 subjungimus
1235 1866 1569 1948 cultoris
1636 1863 2103 1968 Abaelardi,
2165 1866 2303 1979 qui

305 2037 630 2095 summa
689 2009 861 2123 ejus
919 2010 1386 2119 reverentia
1441 2009 1825 2122 abreptus
1848 2070 1873 2114 ,
1930 2027 2307 2121 tempore

306 2158 522 2239 tristi
539 2217 564 2261 ‚
619 2155 820 2242 haec
859 2158 1126 2270 eloqui
1181 2184 1424 2240 ausus
1469 2170 1631 2239 este
1709 2159 1940 2239 Have
1991 2171 2075 2239 et
2119 2155 2307 2239 vale

307 2305 424 2385 mi
481 2303 935 2387 Ahaelarde
994 2304 1391 2408 redivive‚
1445 2302 1589 2384 tibi
1634 2302 1790 2414 ipsi
1838 2302 2158 2414 tuisque
2198 2302 2309 2384 ci·

308 2445 648 2534 neribus
677 2445 1046 2533 Phoenix
1087 2462 1170 2532 et
1197 2475 1250 2530 a
1276 2451 1656 2551 veritate,
1692 2448 2087 2560 temporis
2115 2448 2308 2551 filia,
2382 2508 2388 2516 -

486 2885 623 2938 tum
677 2871 946 2951 reddet,
1015 2873 1191 2958 quod
1245 2874 1316 2938 in
1366 2891 1690 2940 consessu
1733 2870 2312 2942 Benedictinorum

484 2985 848 3055 Pariniensi
888 2996 1047 3049 ante
1090 2984 1385 3050 seculum
1428 2983 1820 3065 habebatur,
1863 2985 1946 3050 de
1974 3006 2101 3069 quo
2125 2984 2312 3052 Mar·

488 3098 706 3164 tenius
747 3096 828 3178 (1.
874 3103 964 3180 c.)
1007 3096 1174 3163 haec
1218 3098 1360 3163 fere
1416 3110 1713 3165 enarrat:
1778 3098 1901 3163 Eat
1941 3118 2148 3181 penes
2189 3119 2313 3164 nos

493 3211 792 3296 ejusdem
833 3208 1196 3276 Abaelardi
1237 3209 1448 3291 liber,
1512 3212 1583 3277 in
1637 3231 1765 3296 quo
1807 3211 2005 3299 genio
2048 3230 2169 3277 uuo
2212 3211 2315 3277 in·

490 3322 808 3410 (lingens,
869 3322 1088 3388 omnia
1139 3317 1540 3387 christianae
1596 3317 1946 3409 religionis
2000 3324 2316 3407 mysteria

488 3437 558 3499 in
599 3444 942 3517 utramque
988 3445 1244 3519 partem
1281 3447 1545 3514 versat,
1606 3453 1862 3521 negans
1914 3435 2090 3520 quod
2131 3454 2316 3500 asse-

490 3556 737 3627 ruerat,
783 3566 1090 3612 assereus
1133 3547 1308 3632 quod
1348 3537 1750 3635 negaverat:
1795 3548 1969 3633 quod
1999 3568 2163 3633 opus
2190 3547 2316 3615 ali-

496 3660 753 3745 quando
807 3658 1051 3743 publici
1105 3662 1278 3746 juris
1332 3659 1556 3742 facere
1620 3661 2030 3749 cogitaverat
2091 3671 2321 3727 noster

492 3770 854 3852 Acherius,
914 3793 1141 3840 verum
1199 3775 1376 3839 aerio
1439 3775 1885 3842 examinatum
1936 3775 2318 3841 aeternis

497 3882 784 3951 tenebris
838 3887 1057 3970 potius
1120 3909 1315 3973 quam
1365 3886 1521 3954 luce
1578 3888 1848 3977 dignum
1897 3886 1989 3955 de
2031 3889 2320 3956 virorum

497 3996 890 4064 eruditorum
915 3998 1192 4066 consilio
1218 3981 1654 4069 existimavit.
1719 4000 1861 4069 Cft.
1878 3998 2186 4069 Histoire
2204 3996 2317 4067 lit-

498 4110 738 4176 teraire
779 4108 863 4179 de
899 4109 972 4182 la
1011 4111 1266 4181 Franco
1309 4111 1358 4184 1.
1406 4134 1469 4224 c.
1508 4129 1578 4203 'p-
1627 4117 1775 4184 ¹³1.
