<?xml version="1.0" encoding="UTF-8"?>
<!DOCTYPE html PUBLIC "-//W3C//DTD XHTML 1.0 Transitional//EN"
    "http://www.w3.org/TR/xhtml1/DTD/xhtml1-transitional.dtd">
<html xmlns="http://www.w3.org/1999/xhtml" xml:lang="en" lang="en">
 <head>
  <title>
</title>
<meta http-equiv="Content-Type" content="text/html;charset=utf-8" />
  <meta name='ocr-system' content='tesseract 3.04.00' />
  <meta name='ocr-capabilities' content='ocr_page ocr_carea ocr_par ocr_line ocrx_word'/>
</head>
<body>
  <div class='ocr_page' id='page_1' title='image "./epitometheologi00rheigoog_0116.png"; bbox 0 0 2842 4800; ppageno 0'>
   <div class='ocr_carea' id='block_1_1' title="bbox 388 384 2529 1526">
    <p class='ocr_par' dir='ltr' id='par_1_1' title="bbox 388 384 2529 1526">
     <span class='ocr_line' id='line_1_1' title="bbox 496 384 620 461; baseline 0 0"><span class='ocrx_word' id='word_1_1' title='bbox 496 384 620 461; x_wconf 62' lang='lat' dir='ltr'><strong>n</strong></span> 
     </span>
     <span class='ocr_line' id='line_1_2' title="bbox 517 550 2526 637; baseline -0.003 -16"><span class='ocrx_word' id='word_1_2' title='bbox 517 551 716 621; x_wconf 72' lang='lat' dir='ltr'><strong>dicit:</strong></span> <span class='ocrx_word' id='word_1_3' title='bbox 763 552 889 620; x_wconf 80' lang='lat' dir='ltr'><strong>Est</strong></span> <span class='ocrx_word' id='word_1_4' title='bbox 931 554 1105 637; x_wconf 81' lang='lat' dir='ltr'><strong>enim</strong></span> <span class='ocrx_word' id='word_1_5' title='bbox 1149 551 1390 618; x_wconf 79' lang='lat' dir='ltr'><strong>bonnm</strong></span> <span class='ocrx_word' id='word_1_6' title='bbox 1415 596 1439 630; x_wconf 88' lang='lat'><strong>,</strong></span> <span class='ocrx_word' id='word_1_7' title='bbox 1485 551 1657 635; x_wconf 79' lang='lat' dir='ltr'><strong>quod</strong></span> <span class='ocrx_word' id='word_1_8' title='bbox 1701 572 1832 627; x_wconf 78' lang='lat' dir='ltr'><strong>non</strong></span> <span class='ocrx_word' id='word_1_9' title='bbox 1878 564 1981 617; x_wconf 77' lang='lat' dir='ltr'><strong>est</strong></span> <span class='ocrx_word' id='word_1_10' title='bbox 2012 550 2408 634; x_wconf 75' lang='lat' dir='ltr'><strong>jucundum,</strong></span> <span class='ocrx_word' id='word_1_11' title='bbox 2445 562 2526 615; x_wconf 81' lang='lat' dir='ltr'><strong>nt</strong></span> 
     </span>
     <span class='ocr_line' id='line_1_3' title="bbox 518 658 2527 743; baseline 0 -16"><span class='ocrx_word' id='word_1_12' title='bbox 518 659 927 743; x_wconf 77' lang='lat' dir='ltr'><strong>martyrium.</strong></span> <span class='ocrx_word' id='word_1_13' title='bbox 1017 658 1170 724; x_wconf 76' lang='lat' dir='ltr'><strong>Hoc</strong></span> <span class='ocrx_word' id='word_1_14' title='bbox 1235 680 1492 743; x_wconf 86' lang='lat' dir='ltr'><strong>qnoque</strong></span> <span class='ocrx_word' id='word_1_15' title='bbox 1557 659 1856 727; x_wconf 71' lang='lat' dir='ltr'><strong>domiuus</strong></span> <span class='ocrx_word' id='word_1_16' title='bbox 1921 660 2119 727; x_wconf 84' lang='lat' dir='ltr'><strong>Petro</strong></span> <span class='ocrx_word' id='word_1_17' title='bbox 2175 663 2527 729; x_wconf 80' lang='lat' dir='ltr'><strong>manifeste</strong></span> 
     </span>
     <span class='ocr_line' id='line_1_4' title="bbox 519 769 2526 855; baseline -0.001 -17"><span class='ocrx_word' id='word_1_18' title='bbox 519 773 820 855; x_wconf 80' lang='lat' dir='ltr'><strong>apernit,</strong></span> <span class='ocrx_word' id='word_1_19' title='bbox 892 791 1037 835; x_wconf 84' lang='lat' dir='ltr'><strong>eum</strong></span> <span class='ocrx_word' id='word_1_20' title='bbox 1082 769 1284 837; x_wconf 85' lang='lat' dir='ltr'><strong>dixit:</strong></span> <span class='ocrx_word' id='word_1_21' title='bbox 1356 769 1445 833; x_wconf 89' lang='lat' dir='ltr'><strong>Et</strong></span> <span class='ocrx_word' id='word_1_22' title='bbox 1491 769 1686 845; x_wconf 69' lang='lat' dir='ltr'><strong>ducet</strong></span> <span class='ocrx_word' id='word_1_23' title='bbox 1728 781 1833 850; x_wconf 88' lang='lat' dir='ltr'><strong>te,</strong></span> <span class='ocrx_word' id='word_1_24' title='bbox 1898 793 2023 855; x_wconf 84' lang='lat' dir='ltr'><strong>quo</strong></span> <span class='ocrx_word' id='word_1_25' title='bbox 2090 785 2160 836; x_wconf 89' lang='lat' dir='ltr'><strong>tu</strong></span> <span class='ocrx_word' id='word_1_26' title='bbox 2225 793 2354 838; x_wconf 91' lang='lat' dir='ltr'><strong>non</strong></span> <span class='ocrx_word' id='word_1_27' title='bbox 2402 775 2526 847; x_wconf 62' lang='lat' dir='ltr'><strong>vin.</strong></span> 
     </span>
     <span class='ocr_line' id='line_1_5' title="bbox 517 880 2526 965; baseline 0 -18"><span class='ocrx_word' id='word_1_28' title='bbox 517 880 594 947; x_wconf 84' lang='lat' dir='ltr'><strong>Si</strong></span> <span class='ocrx_word' id='word_1_29' title='bbox 636 892 1000 965; x_wconf 85' lang='lat' dir='ltr'><strong>opponatur</strong></span> <span class='ocrx_word' id='word_1_30' title='bbox 1019 902 1047 955; x_wconf 74' lang='lat' dir='ltr'><strong>t,</strong></span> <span class='ocrx_word' id='word_1_31' title='bbox 1084 880 1369 953; x_wconf 75' lang='lat' dir='ltr'><strong>oblatus</strong></span> <span class='ocrx_word' id='word_1_32' title='bbox 1406 893 1537 960; x_wconf 89' lang='lat' dir='ltr'><strong>est,</strong></span> <span class='ocrx_word' id='word_1_33' title='bbox 1587 884 1739 965; x_wconf 83' lang='lat' dir='ltr'><strong>quia</strong></span> <span class='ocrx_word' id='word_1_34' title='bbox 1771 884 1922 964; x_wconf 38' lang='lat' dir='ltr'><strong>&#39;ipse</strong></span> <span class='ocrx_word' id='word_1_35' title='bbox 1948 883 2526 963; x_wconf 51' lang='lat' dir='ltr'><strong>voluitsdieinms,</strong></span> 
     </span>
     <span class='ocr_line' id='line_1_6' title="bbox 516 985 2529 1089; baseline 0 -30"><span class='ocrx_word' id='word_1_36' title='bbox 516 995 675 1080; x_wconf 80' lang='lat' dir='ltr'><strong>quia</strong></span> <span class='ocrx_word' id='word_1_37' title='bbox 712 992 931 1061; x_wconf 85' lang='lat' dir='ltr'><strong>voluit</strong></span> <span class='ocrx_word' id='word_1_38' title='bbox 945 1040 968 1074; x_wconf 91' lang='lat'>‚</span> <span class='ocrx_word' id='word_1_39' title='bbox 1011 994 1079 1059; x_wconf 86' lang='lat' dir='ltr'><strong>id</strong></span> <span class='ocrx_word' id='word_1_40' title='bbox 1125 1006 1269 1073; x_wconf 82' lang='lat' dir='ltr'><strong>est,</strong></span> <span class='ocrx_word' id='word_1_41' title='bbox 1327 985 2095 1089; x_wconf 40' lang='lat' dir='ltr'><strong>neeessariamsrnorterp</strong></span> <span class='ocrx_word' id='word_1_42' title='bbox 2145 994 2529 1078; x_wconf 73' lang='lat' dir='ltr'><strong>approbavit</strong></span> 
     </span>
     <span class='ocr_line' id='line_1_7' title="bbox 388 1104 2526 1193; baseline -0.001 -19"><span class='ocrx_word' id='word_1_43' title='bbox 388 1114 402 1124; x_wconf 80' lang='grc'><em>’</em></span> <span class='ocrx_word' id='word_1_44' title='bbox 517 1107 629 1175; x_wconf 85' lang='lat' dir='ltr'><strong>vel</strong></span> <span class='ocrx_word' id='word_1_45' title='bbox 678 1108 1033 1193; x_wconf 71' lang='lat' dir='ltr'><strong>judicavit.</strong></span> <span class='ocrx_word' id='word_1_46' title='bbox 1122 1104 1236 1179; x_wconf 76' lang='lat' dir='ltr'><strong>Sic</strong></span> <span class='ocrx_word' id='word_1_47' title='bbox 1304 1118 1373 1170; x_wconf 89' lang='lat' dir='ltr'><strong>et</strong></span> <span class='ocrx_word' id='word_1_48' title='bbox 1412 1104 1811 1188; x_wconf 72' lang='lat' dir='ltr'><strong>Apostolus:</strong></span> <span class='ocrx_word' id='word_1_49' title='bbox 1853 1105 2082 1183; x_wconf 71' lang='lat' dir='ltr'><strong>.Quod</strong></span> <span class='ocrx_word' id='word_1_50' title='bbox 2127 1112 2311 1181; x_wconf 62' lang='lat' dir='ltr'><strong>⁸enim</strong></span> <span class='ocrx_word' id='word_1_51' title='bbox 2359 1108 2526 1181; x_wconf 76' lang='lat' dir='ltr'><strong>‹volo</strong></span> 
     </span>
     <span class='ocr_line' id='line_1_8' title="bbox 516 1200 2523 1314; baseline -0.001 -27"><span class='ocrx_word' id='word_1_52' title='bbox 516 1218 647 1287; x_wconf 81' lang='lat' dir='ltr'><strong>hoe</strong></span> <span class='ocrx_word' id='word_1_53' title='bbox 688 1240 821 1284; x_wconf 82' lang='lat' dir='ltr'><strong>non</strong></span> <span class='ocrx_word' id='word_1_54' title='bbox 866 1218 1187 1314; x_wconf 32' lang='lat' dir='ltr'><strong>agofsed</strong></span> <span class='ocrx_word' id='word_1_55' title='bbox 1220 1217 1390 1304; x_wconf 82' lang='lat' dir='ltr'><strong>quod</strong></span> <span class='ocrx_word' id='word_1_56' title='bbox 1445 1217 1601 1284; x_wconf 90' lang='lat' dir='ltr'><strong>nolo</strong></span> <span class='ocrx_word' id='word_1_57' title='bbox 1643 1200 1812 1285; x_wconf 78' lang='lat' dir='ltr'><strong>illud</strong></span> <span class='ocrx_word' id='word_1_58' title='bbox 1850 1216 2053 1284; x_wconf 77' lang='lat' dir='ltr'><strong>faeie.</strong></span> <span class='ocrx_word' id='word_1_59' title='bbox 2081 1292 2090 1299; x_wconf 50' lang='lat'>‚</span> <span class='ocrx_word' id='word_1_60' title='bbox 2123 1216 2317 1294; x_wconf 79' lang='lat' dir='ltr'><strong>Quod</strong></span> <span class='ocrx_word' id='word_1_61' title='bbox 2343 1221 2523 1301; x_wconf 62' lang='lat' dir='ltr'><strong>vole,</strong></span> 
     </span>
     <span class='ocr_line' id='line_1_9' title="bbox 504 1329 2523 1416; baseline 0 -17"><span class='ocrx_word' id='word_1_62' title='bbox 504 1333 650 1414; x_wconf 57' lang='grc' dir='ltr'><strong>μὴ,</strong></span> <span class='ocrx_word' id='word_1_63' title='bbox 691 1332 763 1396; x_wconf 90' lang='lat' dir='ltr'><strong>id</strong></span> <span class='ocrx_word' id='word_1_64' title='bbox 807 1338 944 1412; x_wconf 82' lang='lat' dir='ltr'><strong>est,</strong></span> <span class='ocrx_word' id='word_1_65' title='bbox 991 1331 1165 1416; x_wconf 81' lang='lat' dir='ltr'><strong>quod</strong></span> <span class='ocrx_word' id='word_1_66' title='bbox 1207 1329 1498 1415; x_wconf 80' lang='lat' dir='ltr'><strong>approbo</strong></span> <span class='ocrx_word' id='word_1_67' title='bbox 1541 1329 1951 1397; x_wconf 77' lang='lat' dir='ltr'><strong>faciendum:</strong></span> <span class='ocrx_word' id='word_1_68' title='bbox 1998 1332 2169 1416; x_wconf 77' lang='lat' dir='ltr'><strong>qnod</strong></span> <span class='ocrx_word' id='word_1_69' title='bbox 2213 1332 2413 1414; x_wconf 85' lang='lat' dir='ltr'><strong>nolo,</strong></span> <span class='ocrx_word' id='word_1_70' title='bbox 2454 1334 2523 1399; x_wconf 83' lang='lat' dir='ltr'><strong>id</strong></span> 
     </span>
     <span class='ocr_line' id='line_1_10' title="bbox 522 1440 1200 1526; baseline -0.006 -16"><span class='ocrx_word' id='word_1_71' title='bbox 522 1456 664 1526; x_wconf 78' lang='lat' dir='ltr'><strong>est,</strong></span> <span class='ocrx_word' id='word_1_72' title='bbox 707 1464 840 1510; x_wconf 92' lang='lat' dir='ltr'><strong>non</strong></span> <span class='ocrx_word' id='word_1_73' title='bbox 885 1440 1200 1526; x_wconf 84' lang='lat' dir='ltr'><strong>approbo.</strong></span> 
     </span>
    </p>
   </div>
   <div class='ocr_carea' id='block_1_2' title="bbox 1268 1718 1777 1804">
    <p class='ocr_par' dir='ltr' id='par_1_2' title="bbox 1268 1718 1777 1804">
     <span class='ocr_line' id='line_1_11' title="bbox 1268 1718 1777 1804; baseline 0 -17"><span class='ocrx_word' id='word_1_74' title='bbox 1268 1720 1480 1804; x_wconf 85' lang='lat' dir='ltr'><strong>Caput</strong></span> <span class='ocrx_word' id='word_1_75' title='bbox 1520 1718 1777 1788; x_wconf 77' lang='lat' dir='ltr'><strong>XXVI.</strong></span> 
     </span>
    </p>
   </div>
   <div class='ocr_carea' id='block_1_3' title="bbox 1176 1858 1822 1921">
    <p class='ocr_par' dir='ltr' id='par_1_3' title="bbox 1176 1858 1822 1921">
     <span class='ocr_line' id='line_1_12' title="bbox 1176 1858 1822 1921; baseline -0.005 -7"><span class='ocrx_word' id='word_1_76' title='bbox 1176 1914 1181 1921; x_wconf 88' lang='grc'><strong>,</strong></span> <span class='ocrx_word' id='word_1_77' title='bbox 1216 1858 1308 1914; x_wconf 85' lang='lat' dir='ltr'><strong>De</strong></span> <span class='ocrx_word' id='word_1_78' title='bbox 1356 1859 1644 1915; x_wconf 75' lang='lat' dir='ltr'><strong>voluntate</strong></span> <span class='ocrx_word' id='word_1_79' title='bbox 1693 1859 1822 1915; x_wconf 85' lang='lat' dir='ltr'><strong>Dei.</strong></span> 
     </span>
    </p>
   </div>
   <div class='ocr_carea' id='block_1_4' title="bbox 452 2003 2556 4133">
    <p class='ocr_par' dir='ltr' id='par_1_4' title="bbox 514 2003 2521 2434">
     <span class='ocr_line' id='line_1_13' title="bbox 689 2003 2519 2097; baseline 0.002 -26"><span class='ocrx_word' id='word_1_80' title='bbox 689 2003 863 2097; x_wconf 76' lang='lat' dir='ltr'><strong>Quia</strong></span> <span class='ocrx_word' id='word_1_81' title='bbox 907 2006 990 2073; x_wconf 88' lang='lat' dir='ltr'><strong>de</strong></span> <span class='ocrx_word' id='word_1_82' title='bbox 1034 2003 1375 2083; x_wconf 85' lang='lat' dir='ltr'><strong>voluntate</strong></span> <span class='ocrx_word' id='word_1_83' title='bbox 1399 2003 1535 2069; x_wconf 90' lang='lat' dir='ltr'><strong>Dei</strong></span> <span class='ocrx_word' id='word_1_84' title='bbox 1567 2007 1966 2071; x_wconf 87' lang='lat' dir='ltr'><strong>mentionem</strong></span> <span class='ocrx_word' id='word_1_85' title='bbox 2001 2006 2299 2088; x_wconf 78' lang='lat' dir='ltr'><strong>fecimus,</strong></span> <span class='ocrx_word' id='word_1_86' title='bbox 2343 2011 2519 2075; x_wconf 74' lang='lat' dir='ltr'><strong>cirea</strong></span> 
     </span>
     <span class='ocr_line' id='line_1_14' title="bbox 517 2116 2521 2208; baseline 0.001 -19"><span class='ocrx_word' id='word_1_87' title='bbox 517 2142 667 2190; x_wconf 86' lang='lat' dir='ltr'><strong>eam</strong></span> <span class='ocrx_word' id='word_1_88' title='bbox 702 2121 1228 2208; x_wconf 73' lang='lat' dir='ltr'><strong>pertractandam</strong></span> <span class='ocrx_word' id='word_1_89' title='bbox 1275 2116 1751 2203; x_wconf 84' lang='lat' dir='ltr'><strong>aliquantulum</strong></span> <span class='ocrx_word' id='word_1_90' title='bbox 1775 2121 2182 2189; x_wconf 73' lang='lat' dir='ltr'><strong>insistamus.</strong></span> <span class='ocrx_word' id='word_1_91' title='bbox 2225 2180 2236 2195; x_wconf 83' lang='grc'><strong><em>,</em></strong></span> <span class='ocrx_word' id='word_1_92' title='bbox 2267 2122 2521 2193; x_wconf 83' lang='lat' dir='ltr'><strong>Volun-</strong></span> 
     </span>
     <span class='ocr_line' id='line_1_15' title="bbox 514 2229 2517 2322; baseline 0.001 -21"><span class='ocrx_word' id='word_1_93' title='bbox 514 2247 624 2303; x_wconf 78' lang='lat' dir='ltr'><strong>tas</strong></span> <span class='ocrx_word' id='word_1_94' title='bbox 687 2236 916 2322; x_wconf 40' lang='lat' dir='ltr'><strong>igitur·</strong></span> <span class='ocrx_word' id='word_1_95' title='bbox 950 2232 1083 2299; x_wconf 92' lang='lat' dir='ltr'><strong>Dei</strong></span> <span class='ocrx_word' id='word_1_96' title='bbox 1158 2229 1409 2297; x_wconf 87' lang='lat' dir='ltr'><strong>duobus</strong></span> <span class='ocrx_word' id='word_1_97' title='bbox 1477 2233 1691 2296; x_wconf 85' lang='lat' dir='ltr'><strong>modis</strong></span> <span class='ocrx_word' id='word_1_98' title='bbox 1767 2232 2021 2301; x_wconf 78' lang='lat' dir='ltr'><strong>dieitur.</strong></span> <span class='ocrx_word' id='word_1_99' title='bbox 2135 2234 2296 2302; x_wconf 88' lang='lat' dir='ltr'><strong>Cum</strong></span> <span class='ocrx_word' id='word_1_100' title='bbox 2369 2240 2517 2304; x_wconf 81' lang='lat' dir='ltr'><strong>dieo</strong></span> 
     </span>
     <span class='ocr_line' id='line_1_16' title="bbox 515 2342 2517 2434; baseline 0.001 -19"><span class='ocrx_word' id='word_1_101' title='bbox 515 2349 728 2415; x_wconf 79' lang='lat' dir='ltr'><strong>enim:</strong></span> <span class='ocrx_word' id='word_1_102' title='bbox 771 2346 957 2413; x_wconf 85' lang='lat' dir='ltr'><strong>Deus</strong></span> <span class='ocrx_word' id='word_1_103' title='bbox 998 2343 1141 2412; x_wconf 86' lang='lat' dir='ltr'><strong>vult</strong></span> <span class='ocrx_word' id='word_1_104' title='bbox 1182 2342 1311 2410; x_wconf 82' lang='lat' dir='ltr'><strong>hoe</strong></span> <span class='ocrx_word' id='word_1_105' title='bbox 1353 2342 1466 2409; x_wconf 79' lang='lat' dir='ltr'><strong>vel</strong></span> <span class='ocrx_word' id='word_1_106' title='bbox 1508 2342 1701 2426; x_wconf 88' lang='lat' dir='ltr'><strong>illud,</strong></span> <span class='ocrx_word' id='word_1_107' title='bbox 1746 2344 1996 2414; x_wconf 79' lang='lat' dir='ltr'><strong>duobus</strong></span> <span class='ocrx_word' id='word_1_108' title='bbox 2039 2348 2248 2415; x_wconf 82' lang='lat' dir='ltr'><strong>modis</strong></span> <span class='ocrx_word' id='word_1_109' title='bbox 2275 2353 2517 2434; x_wconf 79' lang='lat' dir='ltr'><strong>exponi</strong></span> 
     </span>
    </p>

    <p class='ocr_par' dir='ltr' id='par_1_5' title="bbox 452 2447 2556 4133">
     <span class='ocr_line' id='line_1_17' title="bbox 452 2447 2515 2549; baseline 0.002 -21"><span class='ocrx_word' id='word_1_110' title='bbox 452 2447 461 2456; x_wconf 61' lang='grc'>’</span> <span class='ocrx_word' id='word_1_111' title='bbox 513 2472 767 2549; x_wconf 83' lang='lat' dir='ltr'><strong>potest:</strong></span> <span class='ocrx_word' id='word_1_112' title='bbox 810 2457 973 2525; x_wconf 83' lang='lat' dir='ltr'><strong>Vult</strong></span> <span class='ocrx_word' id='word_1_113' title='bbox 1014 2455 1181 2538; x_wconf 82' lang='lat' dir='ltr'><strong>hoe,</strong></span> <span class='ocrx_word' id='word_1_114' title='bbox 1225 2458 1297 2522; x_wconf 89' lang='lat' dir='ltr'><strong>id</strong></span> <span class='ocrx_word' id='word_1_115' title='bbox 1340 2469 1480 2535; x_wconf 84' lang='lat' dir='ltr'><strong>est,</strong></span> <span class='ocrx_word' id='word_1_116' title='bbox 1526 2458 1855 2540; x_wconf 81' lang='lat' dir='ltr'><strong>disponit:</strong></span> <span class='ocrx_word' id='word_1_117' title='bbox 1904 2459 2012 2526; x_wconf 87' lang='lat' dir='ltr'><strong>vel</strong></span> <span class='ocrx_word' id='word_1_118' title='bbox 2055 2459 2197 2526; x_wconf 88' lang='lat' dir='ltr'><strong>vult</strong></span> <span class='ocrx_word' id='word_1_119' title='bbox 2243 2462 2403 2546; x_wconf 85' lang='lat' dir='ltr'><strong>hoe,</strong></span> <span class='ocrx_word' id='word_1_120' title='bbox 2446 2467 2515 2532; x_wconf 86' lang='lat' dir='ltr'><strong>id</strong></span> 
     </span>
     <span class='ocr_line' id='line_1_18' title="bbox 513 2568 2517 2655; baseline 0.002 -16"><span class='ocrx_word' id='word_1_121' title='bbox 513 2583 659 2655; x_wconf 80' lang='lat' dir='ltr'><strong>est,</strong></span> <span class='ocrx_word' id='word_1_122' title='bbox 723 2570 1033 2638; x_wconf 78' lang='lat' dir='ltr'><strong>consulit.</strong></span> <span class='ocrx_word' id='word_1_123' title='bbox 1121 2569 1248 2635; x_wconf 88' lang='lat' dir='ltr'><strong>His</strong></span> <span class='ocrx_word' id='word_1_124' title='bbox 1309 2568 1562 2635; x_wconf 83' lang='lat' dir='ltr'><strong>duobus</strong></span> <span class='ocrx_word' id='word_1_125' title='bbox 1621 2572 1831 2636; x_wconf 86' lang='lat' dir='ltr'><strong>modis</strong></span> <span class='ocrx_word' id='word_1_126' title='bbox 1891 2583 2138 2638; x_wconf 84' lang='lat' dir='ltr'><strong>tantum</strong></span> <span class='ocrx_word' id='word_1_127' title='bbox 2180 2575 2250 2639; x_wconf 91' lang='lat' dir='ltr'><strong>in</strong></span> <span class='ocrx_word' id='word_1_128' title='bbox 2294 2578 2517 2643; x_wconf 84' lang='lat' dir='ltr'><strong>divina</strong></span> 
     </span>
     <span class='ocr_line' id='line_1_19' title="bbox 511 2682 2515 2769; baseline 0.003 -16"><span class='ocrx_word' id='word_1_129' title='bbox 511 2688 835 2769; x_wconf 76' lang='lat' dir='ltr'><strong>scriptura</strong></span> <span class='ocrx_word' id='word_1_130' title='bbox 875 2683 1185 2749; x_wconf 86' lang='lat' dir='ltr'><strong>voluntas</strong></span> <span class='ocrx_word' id='word_1_131' title='bbox 1228 2682 1362 2748; x_wconf 93' lang='lat' dir='ltr'><strong>Dei</strong></span> <span class='ocrx_word' id='word_1_132' title='bbox 1405 2686 1614 2766; x_wconf 77' lang='lat' dir='ltr'><strong>accipi</strong></span> <span class='ocrx_word' id='word_1_133' title='bbox 1655 2685 2006 2765; x_wconf 87' lang='lat' dir='ltr'><strong>invenitur,</strong></span> <span class='ocrx_word' id='word_1_134' title='bbox 2052 2698 2125 2752; x_wconf 90' lang='lat' dir='ltr'><strong>nt</strong></span> <span class='ocrx_word' id='word_1_135' title='bbox 2165 2689 2293 2757; x_wconf 80' lang='lat' dir='ltr'><strong>ibi:</strong></span> <span class='ocrx_word' id='word_1_136' title='bbox 2356 2690 2515 2759; x_wconf 87' lang='lat' dir='ltr'><strong>Om-</strong></span> 
     </span>
     <span class='ocr_line' id='line_1_20' title="bbox 514 2799 2520 2889; baseline -0.001 -20"><span class='ocrx_word' id='word_1_137' title='bbox 514 2805 626 2869; x_wconf 85' lang='lat' dir='ltr'><strong>nia</strong></span> <span class='ocrx_word' id='word_1_138' title='bbox 672 2825 1095 2889; x_wconf 79' lang='lat' dir='ltr'><strong>quaeeunque</strong></span> <span class='ocrx_word' id='word_1_139' title='bbox 1139 2799 1357 2867; x_wconf 85' lang='lat' dir='ltr'><strong>voluit</strong></span> <span class='ocrx_word' id='word_1_140' title='bbox 1394 2800 1588 2881; x_wconf 82' lang='lat' dir='ltr'><strong>feeit,</strong></span> <span class='ocrx_word' id='word_1_141' title='bbox 1659 2802 1728 2865; x_wconf 87' lang='lat' dir='ltr'><strong>id</strong></span> <span class='ocrx_word' id='word_1_142' title='bbox 1795 2815 1938 2882; x_wconf 86' lang='lat' dir='ltr'><strong>est,</strong></span> <span class='ocrx_word' id='word_1_143' title='bbox 2003 2805 2346 2887; x_wconf 79' lang='lat' dir='ltr'><strong>disposuit.</strong></span> <span class='ocrx_word' id='word_1_144' title='bbox 2431 2804 2520 2877; x_wconf 81' lang='lat' dir='ltr'><strong>Et</strong></span> 
     </span>
     <span class='ocr_line' id='line_1_21' title="bbox 512 2914 2513 3001; baseline 0 -18"><span class='ocrx_word' id='word_1_145' title='bbox 512 2915 714 2983; x_wconf 78' lang='lat' dir='ltr'><strong>alibi:</strong></span> <span class='ocrx_word' id='word_1_146' title='bbox 781 2914 1127 2982; x_wconf 81' lang='lat' dir='ltr'><strong>Voluntati</strong></span> <span class='ocrx_word' id='word_1_147' title='bbox 1164 2918 1310 3001; x_wconf 85' lang='lat' dir='ltr'><strong>ejus</strong></span> <span class='ocrx_word' id='word_1_148' title='bbox 1352 2916 1495 2999; x_wconf 78' lang='lat' dir='ltr'><strong>quis</strong></span> <span class='ocrx_word' id='word_1_149' title='bbox 1540 2916 1844 2994; x_wconf 74' lang='lat' dir='ltr'><strong>resistet,</strong></span> <span class='ocrx_word' id='word_1_150' title='bbox 1908 2916 1976 2981; x_wconf 88' lang='lat' dir='ltr'><strong>id</strong></span> <span class='ocrx_word' id='word_1_151' title='bbox 2020 2929 2161 2997; x_wconf 84' lang='lat' dir='ltr'><strong>est,</strong></span> <span class='ocrx_word' id='word_1_152' title='bbox 2232 2918 2513 3001; x_wconf 86' lang='lat' dir='ltr'><strong>disposi-</strong></span> 
     </span>
     <span class='ocr_line' id='line_1_22' title="bbox 511 3027 2509 3122; baseline -0.001 -27"><span class='ocrx_word' id='word_1_153' title='bbox 511 3031 703 3096; x_wconf 88' lang='lat' dir='ltr'><strong>tioni.</strong></span> <span class='ocrx_word' id='word_1_154' title='bbox 788 3029 1042 3110; x_wconf 81' lang='lat' dir='ltr'><strong>Aliter,</strong></span> <span class='ocrx_word' id='word_1_155' title='bbox 1082 3042 1189 3095; x_wconf 80' lang='lat' dir='ltr'><strong>ut:</strong></span> <span class='ocrx_word' id='word_1_156' title='bbox 1248 3027 1413 3095; x_wconf 86' lang='lat' dir='ltr'><strong>Vult</strong></span> <span class='ocrx_word' id='word_1_157' title='bbox 1459 3047 1685 3095; x_wconf 85' lang='lat' dir='ltr'><strong>omnes</strong></span> <span class='ocrx_word' id='word_1_158' title='bbox 1731 3027 2030 3094; x_wconf 87' lang='lat' dir='ltr'><strong>homines</strong></span> <span class='ocrx_word' id='word_1_159' title='bbox 2074 3028 2509 3122; x_wconf 60' lang='lat' dir='ltr'><strong>salvosfiuj,</strong></span> 
     </span>
     <span class='ocr_line' id='line_1_23' title="bbox 509 3138 2511 3227; baseline 0 -19"><span class='ocrx_word' id='word_1_160' title='bbox 509 3143 583 3208; x_wconf 87' lang='lat' dir='ltr'><strong>id</strong></span> <span class='ocrx_word' id='word_1_161' title='bbox 626 3153 766 3221; x_wconf 82' lang='lat' dir='ltr'><strong>est,</strong></span> <span class='ocrx_word' id='word_1_162' title='bbox 812 3141 1098 3212; x_wconf 79' lang='lat' dir='ltr'><strong>consulit</strong></span> <span class='ocrx_word' id='word_1_163' title='bbox 1139 3141 1251 3206; x_wconf 86' lang='lat' dir='ltr'><strong>vel</strong></span> <span class='ocrx_word' id='word_1_164' title='bbox 1294 3138 1633 3223; x_wconf 84' lang='lat' dir='ltr'><strong>approbat.</strong></span> <span class='ocrx_word' id='word_1_165' title='bbox 1721 3139 1900 3207; x_wconf 78' lang='lat' dir='ltr'><strong>Huic</strong></span> <span class='ocrx_word' id='word_1_166' title='bbox 1942 3142 2264 3208; x_wconf 84' lang='lat' dir='ltr'><strong>voluntati</strong></span> <span class='ocrx_word' id='word_1_167' title='bbox 2308 3164 2511 3227; x_wconf 58' lang='lat' dir='ltr'><strong>saep</strong></span> 
     </span>
     <span class='ocr_line' id='line_1_24' title="bbox 510 3252 2515 3337; baseline 0 -16"><span class='ocrx_word' id='word_1_168' title='bbox 510 3256 923 3334; x_wconf 71' lang='lat' dir='ltr'><strong>resistimus,</strong></span> <span class='ocrx_word' id='word_1_169' title='bbox 1003 3275 1150 3318; x_wconf 84' lang='lat' dir='ltr'><strong>eum</strong></span> <span class='ocrx_word' id='word_1_170' title='bbox 1214 3252 1469 3320; x_wconf 83' lang='lat' dir='ltr'><strong>seilicet</strong></span> <span class='ocrx_word' id='word_1_171' title='bbox 1532 3252 1707 3337; x_wconf 79' lang='lat' dir='ltr'><strong>quod</strong></span> <span class='ocrx_word' id='word_1_172' title='bbox 1764 3254 1909 3336; x_wconf 86' lang='lat' dir='ltr'><strong>ipse</strong></span> <span class='ocrx_word' id='word_1_173' title='bbox 1969 3253 2163 3319; x_wconf 85' lang='lat' dir='ltr'><strong>nobis</strong></span> <span class='ocrx_word' id='word_1_174' title='bbox 2230 3256 2515 3322; x_wconf 79' lang='lat' dir='ltr'><strong>consulit</strong></span> 
     </span>
     <span class='ocr_line' id='line_1_25' title="bbox 512 3363 2556 3453; baseline 0.001 -20"><span class='ocrx_word' id='word_1_175' title='bbox 512 3367 911 3448; x_wconf 75' lang='lat' dir='ltr'><strong>faciendum,</strong></span> <span class='ocrx_word' id='word_1_176' title='bbox 954 3387 1087 3431; x_wconf 89' lang='lat' dir='ltr'><strong>non</strong></span> <span class='ocrx_word' id='word_1_177' title='bbox 1117 3366 1415 3433; x_wconf 74' lang='lat' dir='ltr'><strong>facimus:</strong></span> <span class='ocrx_word' id='word_1_178' title='bbox 1493 3363 1938 3449; x_wconf 84' lang='lat' dir='ltr'><strong>Dispositioni</strong></span> <span class='ocrx_word' id='word_1_179' title='bbox 1981 3388 2263 3450; x_wconf 86' lang='lat' dir='ltr'><strong>quoque,</strong></span> <span class='ocrx_word' id='word_1_180' title='bbox 2309 3391 2515 3453; x_wconf 86' lang='lat' dir='ltr'><strong>quan·</strong></span> <span class='ocrx_word' id='word_1_181' title='bbox 2549 3419 2556 3424; x_wconf 80' lang='lat'>-</span> 
     </span>
     <span class='ocr_line' id='line_1_26' title="bbox 512 3459 2517 3562; baseline 0 -16"><span class='ocrx_word' id='word_1_182' title='bbox 512 3492 649 3562; x_wconf 77' lang='lat' dir='ltr'><strong>tum</strong></span> <span class='ocrx_word' id='word_1_183' title='bbox 690 3484 761 3548; x_wconf 87' lang='lat' dir='ltr'><strong>in</strong></span> <span class='ocrx_word' id='word_1_184' title='bbox 805 3480 998 3545; x_wconf 81' lang='lat' dir='ltr'><strong>nobis</strong></span> <span class='ocrx_word' id='word_1_185' title='bbox 1042 3492 1182 3559; x_wconf 86' lang='lat' dir='ltr'><strong>est,</strong></span> <span class='ocrx_word' id='word_1_186' title='bbox 1239 3480 1642 3557; x_wconf 71' lang='lat' dir='ltr'><strong>resistimus,</strong></span> <span class='ocrx_word' id='word_1_187' title='bbox 1711 3500 1857 3548; x_wconf 79' lang='lat' dir='ltr'><strong>eum</strong></span> <span class='ocrx_word' id='word_1_188' title='bbox 1899 3459 2128 3550; x_wconf 79' lang='lat' dir='ltr'><strong>eontra</strong></span> <span class='ocrx_word' id='word_1_189' title='bbox 2175 3500 2321 3546; x_wconf 81' lang='lat' dir='ltr'><strong>eam</strong></span> <span class='ocrx_word' id='word_1_190' title='bbox 2365 3482 2517 3548; x_wconf 85' lang='lat' dir='ltr'><strong>niti-</strong></span> 
     </span>
     <span class='ocr_line' id='line_1_27' title="bbox 509 3592 2507 3677; baseline -0.001 -17"><span class='ocrx_word' id='word_1_191' title='bbox 509 3613 691 3671; x_wconf 69' lang='lat' dir='ltr'><strong>murg</strong></span> <span class='ocrx_word' id='word_1_192' title='bbox 765 3615 910 3659; x_wconf 85' lang='lat' dir='ltr'><strong>eum</strong></span> <span class='ocrx_word' id='word_1_193' title='bbox 967 3603 1187 3657; x_wconf 88' lang='lat' dir='ltr'><strong>tamen</strong></span> <span class='ocrx_word' id='word_1_194' title='bbox 1249 3613 1395 3658; x_wconf 89' lang='lat' dir='ltr'><strong>eam</strong></span> <span class='ocrx_word' id='word_1_195' title='bbox 1446 3592 1767 3675; x_wconf 85' lang='lat' dir='ltr'><strong>impedire</strong></span> <span class='ocrx_word' id='word_1_196' title='bbox 1827 3613 2254 3677; x_wconf 82' lang='lat' dir='ltr'><strong>nequeamus.</strong></span> <span class='ocrx_word' id='word_1_197' title='bbox 2355 3592 2507 3662; x_wconf 78' lang='lat' dir='ltr'><strong>Hoc</strong></span> 
     </span>
     <span class='ocr_line' id='line_1_28' title="bbox 513 3701 2518 3798; baseline -0 -27"><span class='ocrx_word' id='word_1_198' title='bbox 513 3718 732 3772; x_wconf 81' lang='lat' dir='ltr'><strong>antem</strong></span> <span class='ocrx_word' id='word_1_199' title='bbox 798 3706 1190 3792; x_wconf 80' lang='lat' dir='ltr'><strong>quandoque</strong></span> <span class='ocrx_word' id='word_1_200' title='bbox 1247 3704 1326 3771; x_wconf 84' lang='lat' dir='ltr'><strong>fit</strong></span> <span class='ocrx_word' id='word_1_201' title='bbox 1389 3726 1537 3770; x_wconf 84' lang='lat' dir='ltr'><strong>eum</strong></span> <span class='ocrx_word' id='word_1_202' title='bbox 1612 3701 1845 3788; x_wconf 85' lang='lat' dir='ltr'><strong>eulpa,</strong></span> <span class='ocrx_word' id='word_1_203' title='bbox 1928 3706 2318 3798; x_wconf 82' lang='lat' dir='ltr'><strong>quandoque</strong></span> <span class='ocrx_word' id='word_1_204' title='bbox 2372 3709 2518 3772; x_wconf 82' lang='lat' dir='ltr'><strong>sine</strong></span> 
     </span>
     <span class='ocr_line' id='line_1_29' title="bbox 512 3816 2514 3903; baseline -0 -19"><span class='ocrx_word' id='word_1_205' title='bbox 512 3816 727 3903; x_wconf 79' lang='lat' dir='ltr'><strong>eulpa.</strong></span> <span class='ocrx_word' id='word_1_206' title='bbox 818 3816 984 3884; x_wconf 85' lang='lat' dir='ltr'><strong>Cum</strong></span> <span class='ocrx_word' id='word_1_207' title='bbox 1041 3816 1267 3902; x_wconf 81' lang='lat' dir='ltr'><strong>eulpa:</strong></span> <span class='ocrx_word' id='word_1_208' title='bbox 1341 3820 1514 3883; x_wconf 82' lang='lat' dir='ltr'><strong>sieut</strong></span> <span class='ocrx_word' id='word_1_209' title='bbox 1575 3817 1834 3902; x_wconf 78' lang='lat' dir='ltr'><strong>qnando</strong></span> <span class='ocrx_word' id='word_1_210' title='bbox 1901 3838 2035 3882; x_wconf 90' lang='lat' dir='ltr'><strong>non</strong></span> <span class='ocrx_word' id='word_1_211' title='bbox 2095 3817 2272 3883; x_wconf 83' lang='lat' dir='ltr'><strong>bono</strong></span> <span class='ocrx_word' id='word_1_212' title='bbox 2337 3817 2514 3898; x_wconf 78' lang='lat' dir='ltr'><strong>zelo,</strong></span> 
     </span>
     <span class='ocr_line' id='line_1_30' title="bbox 511 3930 2512 4022; baseline -0 -25"><span class='ocrx_word' id='word_1_213' title='bbox 511 3951 645 3997; x_wconf 91' lang='lat' dir='ltr'><strong>non</strong></span> <span class='ocrx_word' id='word_1_214' title='bbox 684 3952 805 4015; x_wconf 88' lang='lat' dir='ltr'><strong>pro</strong></span> <span class='ocrx_word' id='word_1_215' title='bbox 850 3930 1075 4022; x_wconf 62' lang='lat' dir='ltr'><strong>aliquo</strong></span> <span class='ocrx_word' id='word_1_216' title='bbox 1118 3931 1495 3998; x_wconf 78' lang='lat' dir='ltr'><strong>dilectionis</strong></span> <span class='ocrx_word' id='word_1_217' title='bbox 1539 3931 1826 4013; x_wconf 83' lang='lat' dir='ltr'><strong>affectu,</strong></span> <span class='ocrx_word' id='word_1_218' title='bbox 1868 3932 1986 3996; x_wconf 85' lang='lat' dir='ltr'><strong>sed</strong></span> <span class='ocrx_word' id='word_1_219' title='bbox 2030 3934 2244 4017; x_wconf 87' lang='lat' dir='ltr'><strong>potins</strong></span> <span class='ocrx_word' id='word_1_220' title='bbox 2288 3952 2374 3998; x_wconf 82' lang='lat' dir='ltr'><strong>ex</strong></span> <span class='ocrx_word' id='word_1_221' title='bbox 2411 3933 2512 3996; x_wconf 89' lang='lat' dir='ltr'><strong>in-</strong></span> 
     </span>
     <span class='ocr_line' id='line_1_31' title="bbox 509 4042 2511 4133; baseline -0 -22"><span class='ocrx_word' id='word_1_222' title='bbox 509 4042 690 4111; x_wconf 82' lang='lat' dir='ltr'><strong>vidia</strong></span> <span class='ocrx_word' id='word_1_223' title='bbox 728 4043 841 4111; x_wconf 83' lang='lat' dir='ltr'><strong>vel</strong></span> <span class='ocrx_word' id='word_1_224' title='bbox 892 4044 1114 4132; x_wconf 76' lang='lat' dir='ltr'><strong>aliqua</strong></span> <span class='ocrx_word' id='word_1_225' title='bbox 1159 4046 1454 4131; x_wconf 81' lang='lat' dir='ltr'><strong>nequitia</strong></span> <span class='ocrx_word' id='word_1_226' title='bbox 1493 4047 1563 4113; x_wconf 89' lang='lat' dir='ltr'><strong>in</strong></span> <span class='ocrx_word' id='word_1_227' title='bbox 1603 4047 2001 4116; x_wconf 80' lang='lat' dir='ltr'><strong>eontrarium</strong></span> <span class='ocrx_word' id='word_1_228' title='bbox 2050 4064 2511 4133; x_wconf 76' lang='lat' dir='ltr'><strong>repugnamus,</strong></span> 
     </span>
    </p>
   </div>
  </div>
 </body>
</html>
