2842 4800
2212 416 2318 495 21

302 586 534 653 taliter
614 587 876 653 dicitur.
981 587 1268 672 Spiritus
1348 591 1586 675 qnippe
1663 591 1877 655 sancti
1952 588 2315 671 paternitas

308 699 708 781 ostenditur,
753 723 899 767 curn
944 701 1206 783 dicitur,
1254 705 1521 787 spiritns
1550 703 1797 768 domini
1827 699 2162 769 ferebatur
2202 719 2315 764 su·

300 834 419 898 per
439 834 669 897 aquas.
732 812 1024 881 Verbum
1062 837 1247 895 vero,
1292 816 1361 880 id
1404 828 1510 880 est
1537 815 1715 882 filins
1742 828 1812 880 et
1842 825 2028 899 pater
2054 821 2113 893 ⁸)
2151 813 2315 876 insi-

314 937 577 1004 nnatur,
624 948 772 991 cnm
815 928 1081 994 dicitur:
1127 930 1294 993 dixit
1328 930 1515 995 Deus
1559 929 1699 1010 fiat,
1742 930 1812 994 id
1854 941 1981 1008 est,
2020 930 2092 1001 in
2135 926 2312 991 dicto

300 1061 423 1105 suo
469 1061 592 1104 sen
633 1040 863 1120 verbo,
905 1042 975 1105 id
1009 1053 1135 1121 est,
1185 1056 1552 1109 coaeterna
1594 1028 1919 1128 sapientia
1963 1065 2087 1108 sua
2125 1052 2316 1125 pater

310 1153 645 1237 ordinavit
688 1154 1017 1219 facienda.
1105 1152 1258 1221 Non
1306 1158 1480 1222 enim
1504 1158 1585 1222 de
1617 1146 1944 1249 ‘cprporali
1975 1154 2312 1220 locutione

304 1265 447 1333 hoc
491 1267 704 1349 accipi
746 1278 989 1350 potest.
1077 1268 1154 1334 In
1186 1290 1267 1333 eo
1300 1292 1558 1354 quoqne
1602 1268 1777 1354 quod
1818 1269 2127 1350 scriptum
2172 1277 2311 1332 est:

304 1391 377 1443 et
418 1377 842 1459 vidit-Dum
888 1380 1061 1464 quod
1104 1396 1284 1446 esset
1327 1381 1568 1446 bonnm
1596 1403 1675 1451 ac
1717 1382 1779 1447 si
1821 1381 2076 1446 dicatur
2114 1377 2312 1446 intel-

303 1492 578 1580 ligendo
611 1491 785 1576 quod
808 1513 995 1576 opus,
1040 1495 1213 1577 qnod
1239 1494 1516 1573 fecerat,
1550 1492 1792 1558 bonum
1818 1504 2021 1573 esset,
2068 1492 2314 1558 amavit

303 1602 478 1668 illud
543 1624 623 1666 eo
664 1605 850 1686 ipso,
919 1605 1092 1687 qnod
1147 1604 1388 1672 bonum
1462 1618 1630 1670 erat.
1716 1605 1821 1671 Ex
1862 1627 1990 1690 quo
2045 1614 2116 1669 et
2165 1605 2311 1685 ipse

307 1717 524 1784 bonus
557 1741 706 1783 esse
749 1719 997 1803 liquido
1033 1707 1457 1785 monstratur.
1535 1720 1709 1798 Quid
1740 1733 1806 1784 et
1831 1720 1917 1784 ad
1961 1720 2309 1783 documen-

304 1844 445 1897 tum
472 1833 786 1896 trinitatis
819 1835 1106 1916 apertius
1138 1847 1241 1899 est
1268 1835 1522 1922 [quam]
1559 1834 1734 1919 quod
1762 1846 1998 1917 postea
2028 1835 2095 1898 in
2127 1853 2311 1897 crea-

305 1947 494 2011 tione
531 1944 816 2012 hominis
844 1945 1282 2035 subjungitur,
1332 1949 1596 2015 domino
1642 1951 1941 2014 dicente:
1986 1947 2311 2013 faciamus

315 2058 649 2125 hominem
696 2072 764 2124 et
807 2074 1095 2126 caetera.
1186 2061 1360 2137 Quid
1427 2064 1601 2129 enim
1658 2062 1901 2127 dictum
1946 2073 2046 2128 est
2087 2059 2311 2143 plura-

303 2169 464 2236 liter
499 2173 945 2253 faciamus,
991 2174 1122 2240 nisi
1144 2186 1213 2237 ut
1238 2176 1616 2257 cooperatio
1642 2174 1954 2240 trinitatis
1984 2177 2308 2257 exprima-

308 2298 443 2350 tur.
533 2284 789 2369 Quippe
852 2308 1014 2370 quos
1070 2285 1532 2352 cohortaretur
1571 2287 1758 2353 Deus
1815 2287 1898 2352 ad
1958 2285 2311 2352 creandum

308 2395 668 2478 hominem,
715 2420 859 2464 eum
900 2401 1045 2482 ipse
1088 2398 1272 2466 solus
1319 2422 1465 2467 eum
1504 2400 1795 2472 facturus
1826 2411 2025 2465 esset.
2088 2400 2308 2484 Scrip-

310 2525 451 2577 tum
493 2524 602 2576 est
641 2532 960 2597 namque:
1029 2514 1173 2596 quis
1217 2513 1474 2597 adjuvit
1536 2513 1832 2596 spiritum
1896 2512 2142 2577 domini
2197 2523 2311 2590 aut

310 2629 453 2712 quis
512 2624 930 2691 consiliarius
977 2627 1124 2710 ejus
1185 2625 1350 2691 fuit?
1440 2624 1627 2691 Bene
1686 2626 1771 2690 ad
1827 2627 2180 2712 imaginem
2217 2631 2314 2700 .et'

309 2735 810 2805 similitudinem
855 2739 1188 2819 trinitatis,
1233 2736 1362 2802 hoc
1407 2749 1510 2803 est
1551 2737 1638 2801 ad
1682 2758 2063 2819 expressam
2100 2758 2308 2822 quan·

210 2875 215 2881 ·
307 2850 460 2915 dam
506 2848 999 2915 similitudinem
1058 2854 1250 2916 trium
1304 2849 1968 2938 personarumhomo
2015 2848 2163 2915 fieri
2206 2847 2307 2913 di·-

309 2966 511 3044 citur,
579 2975 650 3027 ut
715 2977 966 3047 patrem
1005 2986 1125 3047 per
1165 2962 1601 3047 potestatem,
1661 2985 1853 3049 quam
1894 2965 1963 3027 in
2008 2973 2307 3028 caeteras

308 3094 645 3148 creaturas
688 3078 929 3168 habet,
993 3081 1285 3146 imitetur
1355 3091 1424 3144 et
1463 3077 1672 3146 filium
1714 3081 2198 3164 pernitionem
2240 3089 2308 3150 et

307 3196 606 3279 spiritum
668 3214 785 3274 per
841 3193 1256 3256 innocentiae
1312 3191 1826 3279 benignitatem,
1891 3212 2084 3277 quam
2125 3200 2309 3277 post-

306 3306 572 3372 modnm
611 3325 730 3389 per
786 3301 1038 3387 culpam
1093 3306 1346 3372 amisit..
1421 3304 1530 3371 Ad
1572 3303 1744 3370 hanc
1786 3325 2043 3389 quoqne
2083 3303 2306 3388 plura-

305 3421 569 3488 litatem
631 3440 1058 3502 personarum
1100 3417 1267 3484 illud
1330 3422 1614 3486 attinere
1680 3419 1956 3499 dicitnr,
2022 3418 2197 3503 quod
2235 3421 2309 3518 iq

313 3532 742 3620 sequentibus
792 3554 911 3615 per
960 3546 1329 3615 serpentem
1396 3535 1634 3599 dictum
1678 3543 1805 3599 est.
1891 3532 2093 3612 Eritis
2136 3532 2309 3599 sicut

309 3649 442 3729 dii,
503 3646 678 3733 quod
740 3657 815 3710 ut
853 3648 1150 3730 superius
1194 3646 1437 3712 dictum
1480 3658 1621 3726 est,
1664 3647 1733 3711 in
1772 3643 2087 3712 Hebraeo
2132 3642 2309 3729 Eloy

309 3777 547 3846 sonat,
607 3764 679 3829 id
737 3775 842 3829 est
897 3762 1159 3828 divinae
1209 3782 1533 3846 personae
1575 3763 1791 3845 potins
1835 3782 2037 3848 qnam
2072 3761 2307 3828 dii-‹li-

306 3882 511 3947 versi.
565 3875 710 3945 Nec
732 3888 949 3944 tamen
978 3883 1037 3957 ὁ)
1084 3887 1152 3942 et
1180 3873 1311 3942 illa.
1347 3875 1686 3944 dominica
1714 3876 2105 3960 increpatio,
2147 3894 2305 3941 ecce

307 3992 521 4061 Adam
570 3990 759 4076 quasi
797 4010 963 4056 unns
1004 4009 1109 4055 ext
1133 3981 1337 4054 nobis
1372 3987 1585 4054 factus
1615 4000 1733 4058 ,est
1774 3999 1847 4055 et
1879 4009 2107 4055 rursus
2128 3988 2304 4074 quod

308 4102 612 4171 dominus
666 4100 798 4181 ait,
867 4099 1354 4172 descendamus
1398 4111 1469 4166 et
1528 4098 2002 4174 confundamus
2043 4097 2304 4187 lingua·
