2842 4800
2192 410 2300 490 ³1

294 572 538 638 dicitnr
576 571 765 638 Deus
828 576 903 639 in
964 583 1222 639 uterum
1277 574 1556 662 virginis
1615 573 2075 659 descendisse,
2146 581 2305 666 quia

293 707 372 752 se
418 686 504 750 ad
543 683 879 752 hominem
918 686 1402 771 suscipiendum
1444 685 1858 757 humiliasse.
1917 688 2055 757 Ubi
2082 704 2309 765 antem
2351 720 2368 777 ι

293 798 536 882 probat
577 798 1007 886 Augustinus,
1051 800 1225 886 quod
1248 799 1440 866 Deus
1481 821 1615 866 non
1657 802 1748 867 sit
1790 800 2061 885 alicubi,
2105 826 2304 891 quum

292 932 532 995 corpus
575 930 711 977 non
752 913 877 991 sit,
942 909 1038 976 ibi
1074 913 1377 996 profecto
1425 924 1721 979 astruere
1762 913 2062 998 videtur,
2125 919 2305 1003 quod

289 1024 563 1107 spiritus
607 1044 864 1108 quoque
908 1036 1167 1091 creatus
1211 1024 1460 1091 alicubi
1501 1046 1639 1092 non
1679 1026 1809 1107 sit,
1873 1030 2111 1114 quippe
2152 1031 2302 1099 nul-
2347 992 2368 1083 i

288 1135 398 1202 lus
441 1137 710 1221 spiritus
768 1157 1006 1220 corpus
1063 1149 1192 1205 est.
1262 1137 1353 1203 Si
1408 1141 1587 1205 enim
1642 1139 1837 1220 ideo,
1898 1141 2071 1226 quod
2111 1140 2301 1212 Deu-

290 1270 529 1332 corpus
586 1269 723 1313 non
780 1261 921 1328 est,
979 1246 1168 1315 Deus
1233 1269 1370 1315 non
1427 1262 1534 1316 est
1574 1249 1820 1318 alicubi
1863 1273 1989 1319 nec
2019 1255 2305 1338 spiritus

292 1376 595 1443 creatus,
636 1384 817 1431 cum
873 1383 1129 1445 corpus.
1167 1384 1303 1429 non
1363 1366 1497 1445 sit,
1568 1362 1818 1430 alicubi
1882 1363 2082 1431 debet
2123 1388 2301 1435 esse.

291 1477 490 1554 Quod
531 1487 753 1543 autem
796 1460 1086 1559 spiritus*
1107 1488 1368 1542 creatus
1414 1474 1666 1545 alicubi
1707 1497 1841 1542 non
1885 1478 2009 1558 sit,
2071 1476 2300 1566 Augu·

287 1592 527 1670 atinus,
571 1609 767 1670 super
807 1590 1123 1674 genesin,
1166 1587 1273 1654 his
1315 1586 1538 1654 verbis
1580 1588 1908 1657 ostendit:
1935 1586 2300 1685 *Creaturffl

283 1703 537 1786 inquit,
585 1699 950 1784 corporalis
992 1711 1295 1765 movetur
1333 1720 1455 1783 per
1497 1711 1792 1782 tempora
1834 1711 1904 1764 et
1942 1698 2120 1784 loca,
2165 1682 2318 1788 spi-⁸

285 1814 506 1881 ritalis
570 1834 733 1878 vero
786 1836 907 1897 per
966 1825 1266 1898 tempora
1323 1824 1600 1877 tantum.
1685 1810 1873 1878 Idem
1922 1813 1996 1879 in
2038 1814 2298 1894 eodem,

290 1928 706 2010 corporalia,
772 1928 1018 2012 inquit,
1083 1937 1434 1991 moventur
1494 1927 1564 1990 iu
1627 1936 1922 2009 tempore
1990 1937 2061 1993 et
2113 1924 2297 2007 loco,

285 2042 557 2123 spiritus
603 2051 866 2123 creator
907 2061 1028 2106 nec
1072 2050 1364 2122 tempore
1399 2058 1526 2105 nec
1565 2036 1759 2118 loco,
1821 2039 2090 2121 spiritus
2131 2057 2295 2103 vero

285 2165 548 2218 creatus
595 2165 886 2236 tempore
937 2174 1075 2218 non
1134 2150 1310 2218 loco.
1399 2150 1515 2217 Sic
1555 2152 1749 2236 quasi
1790 2149 2118 2235 quoddam
2158 2171 2297 2216 me·

286 2265 467 2331 dium
505 2277 610 2332 est
651 2267 921 2349 spiritus
990 2276 1249 2330 creatus
1308 2266 1485 2331 inter
1539 2274 1909 2329 creatorem
1933 2272 2022 2328 .et
2063 2282 2294 2346 corpo-

283 2377 496 2445 ralem
560 2391 949 2444 creaturam.
1052 2378 1179 2445 Per
1251 2375 1377 2445 hoc
1449 2377 1666 2468 enim,
1750 2375 1930 2461 quod
1999 2386 2296 2461 tempore

230 2544 240 2551 .
282 2502 614 2571 movetur,
659 2494 943 2573 corpori,
984 2514 1104 2573 per
1144 2490 1274 2560 hoc
1320 2491 1498 2578 quod
1536 2488 1827 2556 localem
1865 2502 2115 2557 motum
2155 2509 2293 2556 non

282 2605 560 2689 recipit,
617 2606 898 2669 creatori
965 2605 1344 2670 concordat.
1432 2602 1510 2669 Si
1567 2623 1728 2668 vero
1780 2604 1853 2667 in
1895 2604 2293 2670 auctoritate

285 2719 701 2798 inveniatur,
765 2719 941 2801 quod
996 2716 1253 2784 locales
1317 2716 1784 2799 circumscripti
1835 2716 1970 2781 siut
2026 2714 2293 2799 spiritus

283 2833 489 2895 creati
509 2875 533 2911 ,
589 2828 722 2896 hoc
776 2830 1133 2898 secuudum
1189 2832 1644 2915 operationem
1682 2829 1799 2896 vel
1841 2829 2132 2914 corporis
2175 2848 2290 2895 as·

282 2944 676 3008 sumtionem
713 2940 1218 3030 intelligendum
1259 2954 1386 3023 est,
1433 2946 1587 3030 quia
1625 2964 1775 3010 cum
1815 2942 1925 3008 hic
1954 2952 2286 3026 operatur,

281 3076 417 3120 non
460 3067 567 3121 est
604 3056 724 3122 ibi.
812 3055 1006 3124 Unde
1064 3068 1134 3123 et
1188 3059 1411 3128 aniius
1456 3056 1706 3124 Christi
1748 3056 1834 3126 ad
1874 3056 2127 3124 inferos
2173 3056 2291 3124 de·

280 3170 625 3235 scendisse
667 3172 948 3252 dicitur,
990 3192 1127 3238 non
1165 3192 1284 3255 per
1323 3170 1459 3240 loci
1498 3172 1967 3251 mutationem,
2008 3168 2131 3240 sed
2171 3188 2291 3252 per

282 3281 652 3349 efficaciam
708 3282 1038 3352 infernum
1092 3284 1422 3370 spoliandi
1442 3331 1467 3367 ,
1534 3284 1709 3371 quod
1774 3283 2057 3367 spolium
2115 3282 2292 3362 bene

281 3397 541 3464 animae
578 3397 893 3480 ascribit,
938 3400 1092 3485 quia
1131 3400 1356 3467 anima
1397 3403 1471 3468 in
1513 3417 1791 3483 corpore
1830 3418 2034 3482 passa
2073 3406 2200 3462 est.

1062 3658 1281 3741 Caput
1320 3655 1488 3726 XX.

279 3792 371 3848 Aa
402 3792 593 3867 plura,
627 3808 702 3849 an
733 3793 919 3862 aliter,
955 3808 1030 3850 an
1050 3794 1251 3851 melius
1271 3796 1455 3869 possit
1468 3794 1631 3852 Dens
1649 3793 1867 3864 tacere,
1900 3808 2070 3867 quem
2086 3793 2283 3852 faciat.

443 3958 793 4044 Expeditis
843 3960 1053 4047 igitur
1079 3957 1411 4046 ‘omnibus
1453 3969 1588 4026 tam
1630 3958 1716 4027 ad
1761 3955 2095 4052 essentiae
2134 3955 2280 4021 uni-

273 4082 478 4140 tatem
516 4072 810 4153 divinae‚
853 4092 1049 4160 quam
1090 4072 1179 4141 ad
1206 4091 1639 4158 personarum
1662 4072 2104 4156 proprietates
2128 4088 2279 4153 per·

1765 4194 1811 4250 4
1828 4183 1864 4219 ὓ
