2842 4800
2166 407 2336 476 XXI

313 592 568 672 habes
632 587 973 672 latinum
1054 614 1570 688 sermonem,
1654 616 1812 697 quo
1871 585 2326 687 delecteris,

313 762 659 845 prorsus
700 736 1117 817 diversum
1150 738 1254 817 ab
1288 764 1387 816 eo
1427 763 1836 837 sermone,
1871 735 2006 845 qui
2037 732 2323 813 inistis

184 882 196 891 ’
312 880 727 962 barbariei
761 883 1266 989 temporibus
1301 881 1780 963 invaluerat.
1878 881 2193 962 Noster
2239 878 2327 957 li-

312 1026 575 1107 bellus
616 1027 915 1108 affatim
947 1029 1271 1136 probat,
1320 1044 1744 1111 auctorem
1792 1043 2164 1107 nostrum
2198 1051 2327 1107 ae-

319 1199 477 1282 que
524 1188 766 1282 atque
796 1148 1344 1253 Ahaelardum
1396 1169 1717 1253 assidue
1766 1174 1853 1252 in
1886 1172 2325 1254 tractandis

320 1334 404 1400 et
443 1317 870 1399 volvendis
922 1319 1414 1427 antiquitatis
1456 1319 1989 1427 scriptoribus
2009 1377 2033 1419 ‚
2111 1320 2329 1399 Cice-

323 1466 554 1546 ronis
627 1464 945 1545 Horatii
1001 1463 1352 1544 aliorum
1407 1464 1649 1545 fuisse
1687 1477 2131 1545 versatum.

556 1609 869 1725 Quodsi
902 1637 1007 1689 ex
1060 1609 1188 1690 his
1235 1609 1718 1691 concludere
1756 1610 1982 1710 licet,
2028 1609 2328 1689 librum

320 1770 701 1835 nostrum
742 1783 943 1835 vere
981 1755 1086 1835 ab
1117 1755 1583 1839 Abaelardo
1630 1756 2023 1864 scriptum
2055 1756 2328 1863 fuisse,

325 1870 588 2009 porro
620 1899 1274 2012 investigandum
1321 1906 1523 2006 erit,
1573 1932 1731 2015 quo
1771 1901 2100 1984 circiter
2134 1918 2333 1983 tem-

326 2074 534 2156 pore
578 2049 663 2126 in
702 2047 1113 2159 publicum
1149 2049 1607 2157 prodierit?
1686 2051 1889 2130 Cum
1924 2052 2201 2158 igitur,
2240 2062 2332 2128 ut

329 2220 584 2302 supra
646 2194 1384 2275 demonstravimus
1408 2255 1431 2296 ‚
1515 2203 1833 2276 summa
1896 2195 2331 2274 similitudo

328 2340 549 2419 inter
592 2355 968 2421 nostrum
1008 2341 1312 2422 librum
1363 2356 1604 2452 atque
1645 2330 2330 2422 Introductionem

330 2485 827 2587 intercedat,
887 2489 1133 2568 cardo
1184 2490 1308 2567 rei
1368 2489 1453 2567 in
1502 2516 1599 2568 eo
1648 2503 2076 2589 versatur,
2134 2472 2333 2568 nu'rn

328 2633 634 2714 librum
669 2649 1044 2714 nostrum
1090 2635 1352 2742 priori
1406 2636 1538 2716 vel
1595 2634 1890 2714 seriori
1959 2649 2334 2741 tempore

331 2796 575 2890 atque
646 2781 1338 2861 Introductionem
1412 2781 1807 2889 scriptum
1884 2801 2062 2858 esse
2125 2778 2335 2858 arbi-

329 2943 677 3007 tremur.
736 2924 835 3009 In
867 2925 1024 3006 hac
1059 2957 1154 3008 re
1197 2955 1361 3008 non
1397 2929 1572 3007 sine
1613 2926 2125 3036 magnaveri
2159 2947 2334 3031 spe-⁴

298 3085 315 3126 ’-
330 3073 453 3153 cie
476 3074 806 3173 dixeris,
837 3090 1208 3154 nostrum
1230 3089 1666 3156 tractatum
1688 3057 2331 3183 pfiorem-fuisse

248 3285 255 3292 .
335 3246 431 3300 ac
468 3219 954 3300 lineamenta
972 3220 1612 3301 Abaelardianae
1660 3218 2156 3326 Theologia‘e
2197 3216 2331 3295 vel

337 3361 511 3474 ejus
563 3365 1096 3474 Theologiam
1152 3368 1237 3446 in
1294 3367 1864 3475 compendium
1920 3362 2335 3443 redactam

335 3512 424 3591 in
456 3538 546 3590 se
595 3512 1059 3612 continere3
1127 3512 1230 3593 ad
1281 3513 1760 3593 ulteriorem
1802 3508 1970 3620 ejus
2006 3534 2338 3589 enarra-

335 3656 648 3736 tionem
679 3658 950 3737 Intro
967 3656 1087 3737 du
1106 3659 1239 3737 cti
1262 3685 1549 3737 onem
1583 3659 1975 3764 scriptam
2018 3683 2115 3736 ac
2144 3657 2340 3736 scriss

337 3802 691 3884 bendam
741 3802 1030 3905 fuisse3
1080 3802 1634 3884 defensionem
1661 3802 2003 3913 denique
2037 3829 2135 3884 ac
2171 3821 2342 3881 amd

344 3947 923 4057 plificationem
957 3949 1628 4057 Theologiam
1672 3929 2343 4033 christianam

347 4092 785 4182 Abaelardi
816 4095 1274 4178 absolvere.
1330 4094 1593 4178 -Nihil
1619 4078 1844 4176 enim
1880 4093 2146 4175 infh'ac
2173 4087 2347 4204 ‘opi-'t
2398 4103 2406 4109 '
