2842 4800
557 378 721 467 1⁰2

725 547 1013 615 Primum
1051 549 1257 637 igitur
1293 546 1669 633 videamus,
1730 571 1902 637 quae
1953 550 2038 620 ad
2072 550 2397 637 justitiam
2437 571 2548 616 re·

552 662 890 728 ducantur.
978 662 1226 729 Omnes
1268 662 1430 728 illae
1488 666 1800 743 virtutes,
1859 685 2027 747 quae
2086 667 2415 748 pertinent
2459 664 2548 731 ad

548 777 956 842 reddendum
1022 780 1369 860 unicuique
1434 778 1608 861 quod
1658 799 1847 843 suum
1889 790 2031 857 est,
2098 778 2182 842 ad
2217 779 2548 861 justitiam
2615 842 2626 849 ,

551 904 873 973 spectant.
963 890 1184 954 Virtus
1240 890 1398 968 illa,
1465 912 1631 973 quae
1675 892 1961 973 pertinet
2002 891 2101 972 {ad
2143 889 2546 954 reddendum

549 1005 700 1070 Deo
748 1005 916 1101 quod
959 1025 1145 1069 suum
1191 1015 1316 1082 est,
1359 1004 1425 1067 id
1459 1014 1585 1080 est,
1629 1002 1865 1088 religio
1905 1004 1987 1081 ad
2024 1004 2353 1087 justitiam
2395 1025 2548 1085 per-

549 1121 735 1187 tinet.
802 1096 1176 1196 Similiter,
1237 1138 1400 1201 quae
1443 1116 1659 1180 reddit
1699 1115 2081 1198 parentibus
2141 1115 2312 1199 quod
2354 1137 2546 1182 suum

551 1244 694 1310 est,
735 1231 802 1295 id
845 1242 984 1309 est,
1027 1231 1241 1314 pietas
1286 1241 1353 1292 et
1396 1231 1639 1309 virtus,
1686 1251 1853 1312 quae
1885 1230 2112 1295 reddit
2151 1226 2542 1311 majoribus,

546 1330 659 1409 'vel
700 1343 1098 1422 minoribus,
1163 1343 1271 1407 vel
1315 1341 1700 1423 aequalibus
1757 1342 1929 1426 quod
1972 1364 2160 1407 suum
2220 1355 2362 1419 est,
2431 1323 2546 1406 vet

545 1458 752 1522 virtus
838 1477 1006 1539 quae
1092 1454 1483 1538 pauperibus
1572 1456 1740 1539 quod
1805 1477 1991 1521 suum
2049 1469 2150 1520 est
2224 1447 2542 1542 largitur²

546 1567 737 1647 haec,
781 1570 1067 1651 iuquam,
1113 1568 1327 1631 omnia
1352 1567 1434 1631 ad
1450 1567 1780 1651 justitiam
1820 1580 2150 1651 tamquam
2194 1581 2413 1650 partes
2439 1572 2546 1632 in-

547 1682 843 1769 tegrales
876 1681 1276 1762 referuntur.
1364 1679 1592 1747 Undet
1635 1682 1772 1745 nisi
1814 1678 2245 1746 abundaverit
2271 1682 2548 1765 justitia

545 1807 775 1861 vestra
816 1794 964 1877 plus
1027 1816 1218 1879 quam
1273 1793 1648 1881 Scribarum
1704 1804 1771 1856 et
1828 1791 2357 1857 Pharisaeorum.
2443 1792 2543 1857 Et

548 1910 631 1974 de
676 1906 1100 1992 eleemosyna
1140 1906 1392 1972 David:
1463 1907 1817 1989 dispersit,
1880 1906 2060 1970 dedit
2121 1905 2543 1988 pauperibus,

537 2022 801 2108 justitia
846 2023 990 2104 ejus
1043 2032 1263 2083 manet
1318 2020 1387 2083 iu
1445 2018 1737 2084 seculum
1799 2017 2043 2085 seculi:
2112 2041 2277 2103 quae
2321 2021 2546 2087 omnia

546 2133 798 2199 faciunt
840 2135 938 2198 sic
972 2134 1324 2217 justitiam,
1369 2133 1537 2197 sicut
1580 2133 1856 2196 scientia
1898 2134 2280 2199 inveniendi
2326 2146 2393 2196 et
2425 2135 2544 2217 ju-

548 2247 808 2311 dicandi
851 2240 1137 2331 logicam
1198 2244 1472 2310 faciunt.
1558 2243 1788 2328 Neque
1832 2247 2002 2311 enim
2048 2248 2302 2328 species
2335 2249 2539 2330 justi-

544 2361 680 2424 tiae
725 2359 854 2424 dioi
896 2368 1202 2441 possunt,
1262 2379 1406 2422 cum
1465 2356 1649 2424 nulla
1702 2356 1965 2423 illarum
2007 2379 2124 2441 per
2165 2380 2240 2424 se
2274 2361 2532 2444 justum

545 2474 787 2550 faciat,
848 2473 918 2539 id
961 2483 1099 2551 est,
1143 2472 1528 2536 reddentem
1568 2474 1916 2555 unicuique
1961 2473 2133 2556 quod
2176 2494 2361 2538 snum
2403 2487 2542 2554 est,

543 2584 664 2651 sed
706 2586 876 2650 sicut
919 2596 1242 2648 conventu
1285 2585 1554 2666 parietis
1613 2585 1773 2648 tecti
1838 2597 1907 2648 et
1966 2584 2375 2650 fundamenti
2417 2588 2536 2650 do-

545 2719 689 2763 mus
748 2696 1072 2777 efficitur,
1130 2698 1226 2761 sic
1266 2698 1542 2762 istarum
1584 2698 1892 2762 virtutum
1935 2711 2260 2765 conventu
2315 2700 2540 2783 justus

546 2809 852 2875 efficitur.
939 2809 1367 2895 Visissergo,
1411 2830 1578 2892 quae
1622 2791 1705 2874 ad
1734 2809 2063 2893 justitiam
2107 2799 2534 2879 reducantur?

545 2945 712 3008 quae
771 2923 855 2988 ad
912 2922 1400 3002 fortitudinem,
1470 2942 1636 3005 quae
1697 2921 1782 2986 ad
1828 2925 2318 3003 temperantiam
2360 2924 2537 2989 refe-

541 3051 795 3118 rantur,
838 3040 1073 3104 videre
1107 3049 1341 3104 restat.
1412 3037 1782 3117 Fortitudo,
1829 3049 1896 3101 et
1942 3042 2414 3121 temperantia,
2464 3053 2541 3106 ut

542 3153 785 3217 dictum
831 3166 956 3231 est,
998 3154 1330 3234 potentiae
1371 3163 1548 3229 sunt,
1594 3152 1745 3234 quia
1784 3172 2013 3216 earum
2050 3157 2539 3220 contrariaeut

540 3267 969 3347 impotentiae
1014 3263 1336 3347 quaedam
1378 3266 1671 3327 existunt
1728 3274 1793 3328 et
1838 3284 1981 3328 cum
2025 3262 2152 3329 hoc
2207 3268 2335 3346 sit,
2399 3288 2535 3333 non

542 3391 761 3444 tamen
806 3378 1109 3442 desinunt
1152 3374 1414 3440 habitus
1461 3397 1648 3466 esse..
1685 3373 2033 3441 'Potentia
2075 3360 2537 3445 vero-natura-

540 3491 628 3558 lis
674 3503 742 3555 et
796 3489 1056 3555 habitus
1113 3491 1418 3571 opposita
1477 3500 1652 3553 sunt.
1739 3487 1874 3554 Sed
1927 3492 2301 3572 potentiae,
2366 3514 2535 3576 quae

541 3625 660 3687 per
729 3602 1228 3685 applicationem
1295 3602 1578 3685 subjecti
1640 3602 1949 3681 veniunt,
2024 3600 2287 3668 habitus
2354 3617 2532 3672 sunt.

542 3705 1012 3806 Temperantia
1064 3716 1265 3801 igitur
1319 3736 1466 3779 cum
1521 3715 1611 3778 sit
1661 3717 1956 3796 potentia
1998 3714 2270 3781 illicitos
2313 3730 2534 3784 motus

537 3827 920 3894 refrenandi
999 3830 1221 3894 omnia
1302 3849 1471 3911 quae
1530 3827 1615 3893 ad
1681 3827 1954 3893 illicitos
2032 3841 2253 3896 motus
2325 3833 2531 3915 perti-

542 3955 703 4009 nent
756 3942 1189 4007 refrenandos
1265 3941 1350 4006 ad
1408 3962 1557 4008 eam
1626 3939 1974 4006 referenda
2033 3961 2185 4008 esse
2247 3943 2531 4009 manife-

543 4066 714 4124 stum
768 4066 906 4137 est,
984 4064 1061 4123 ut
1114 4053 1521 4122 continentia
1595 4074 1765 4141 quae
1828 4050 2198 4144 luxuriam,
2258 4057 2534 4125 castitas
