2842 4800
2260 422 2362 489 XI

256 626 269 643 ’
344 603 565 691 fecto
624 604 770 682 est.
897 599 1361 683 Ber-hardus
1422 601 1643 683 enim
1686 561 2384 681 claraevallensis)

349 747 439 827 iu
481 743 963 858 qmbusdam
999 743 1359 852 epistolis
1432 744 1651 824 inter
1720 745 1879 824 alia
1925 742 2363 825 Abaelardi

353 890 663 998 scripta
712 888 958 970 etiam
998 888 1437 971 Librum
1485 888 2282 996 Sententiarum
2314 879 2366 931 ⁰

350 1033 871 1143 enumeravit
914 1046 1157 1144 atque
1181 1035 1428 1115 etiam
1456 1034 1730 1116 locum
1750 1061 1856 1115 ex
1881 1033 2042 1115 hoc
2059 1031 2365 1140 scripto

354 1178 654 1291 allegat
712 1180 790 1258 ⁵).
838 1242 875 1253 ..
913 1177 1184 1264 Porro
1246 1180 1688 1265 Gualterus
1736 1208 1788 1262 a
1854 1177 1977 1264 St.
2022 1179 2366 1264 Victore

414 1502 488 1579 4)
530 1494 604 1560 S‘.
650 1495 976 1575 Bernardi
1001 1454 1214 1583 Epist.
1243 1506 1365 1567 188
1409 1500 1500 1566 ad
1545 1500 1914 1584 Episcopus
1961 1510 2029 1565 et
2052 1494 2404 1565 Cardiua··

532 1607 636 1675 les
684 1607 927 1676 Curiae
970 1616 1150 1696 (opp.
1197 1614 1302 1678 ed.
1349 1611 1620 1679 Mabill.
1665 1612 1752 1679 Τ.
1796 1612 1854 1677 1.
1899 1636 1964 1696 p.
1997 1618 2186 1695 182):
2232 1612 2365 1678 Le-

534 1727 710 1814 gite,
769 1727 828 1790 si
869 1725 1128 1810 placet,
1193 1727 1431 1793 librum
1483 1728 1658 1803 Petri
1703 1726 2102 1806 Abaelardi„
2178 1749 2369 1813 quem

537 1839 766 1906 dicit
810 1840 1254 1935 Theologiae,
1299 1845 1386 1910 ad
1428 1863 1688 1912 manum
1734 1858 1839 1911 est
1882 1847 2081 1910 enim.
2107 1878 2194 1893 ——
2236 1843 2371 1908 Le·
2497 1839 2503 1843 ’

535 1953 676 2040 gite
722 1967 789 2018 et
833 1954 1078 2038 alium,
1125 1980 1364 2043 quem
1406 1958 1690 2025 dicunt
1734 1956 2372 2024 Sententiarum

548 2070 720 2153 ejuS,
766 2091 890 2135 nec
935 2091 1067 2135 non
1114 2082 1182 2136 et
1222 2070 1452 2152 illum,
1498 2073 1610 2158 qui
1650 2071 2050 2151 inscribitur,
2092 2072 2259 2135 scito
2306 2085 2372 2136 te

442 2208 449 2213 ·
540 2187 788 2271 ipsumt
874 2196 943 2249 et
1010 2185 1514 2250 animadvertite
1584 2197 1869 2270 quantae
1940 2196 2011 2251 et
2075 2183 2169 2248 ihi
2233 2182 2369 2269 syl-

541 2312 816 2368 vescaut
883 2313 1151 2388 segetes
1223 2297 1722 2387 sacrilegiorum
1791 2312 1988 2385 atque
2055 2320 2371 2379 errorum,

544 2416 703 2503 'quid
738 2409 991 2482 'sentiat
1011 2414 1093 2479 de
1117 2413 1334 2481 anima
1364 2411 1636 2496 Christi,
1681 2417 1764 2482 de
1791 2436 2076 2500 persona
2104 2413 2376 2492 Christi,

547 2532 630 2597 de
673 2531 1001 2596 descensu
1044 2527 1295 2596 Christi
1355 2531 1443 2596 ad
1485 2530 1777 2612 inferos,
1835 2529 1917 2595 de
1962 2541 2373 2595 sacramento

548 2643 780 2712 altaris
804 2689 827 2723 ,
872 2642 954 2708 de
995 2657 1328 2736 potestate
1371 2643 1625 2730 ligandi
1670 2656 1864 2728 atque
1908 2641 2250 2720 solvendi,
2295 2641 2377 2706 de

522 2756 860 2845 originali
900 2763 1200 2841 peccato,
1245 2757 1327 2823 de
1364 2757 2081 2842 'concupiscentiisLde
2102 2768 2375 2839 peccato

474 2887 481 2896 ·
550 2870 1059 2952 delectationis,
1108 2872 1190 2936 de
1233 2895 1300 2955 p.
1343 2871 1781 2949 infirmitatis,
1829 2870 1912 2935 de
1957 2891 2138 2958 pecc.
2184 2872 2372 2956 iguo-

548 2981 851 3066 rautiae,'
879 2977 971 3049 de'
1007 2977 1204 3068 o'pere
1244 2987 1524 3068 peccati,
1570 2983 1653 3048 de
1695 2981 2035 3050 voluntate
2062 2980 2380 3066 peccandi
2494 3047 2504 3060 ,

546 3093 672 3161 rel.
729 3131 817 3147 —-
862 3094 1005 3182 -EJ‘,
1068 3117 1171 3180 ep.
1238 3101 1367 3162 190
1429 3095 1515 3161 ad
1570 3094 2028 3160 Innocentium
2092 3092 2375 3180 Papam:

554 3208 954 3295 Mysten-iim
1015 3223 1284 3277 nostrae
1346 3207 1770 3278 redemtionis
1790 3256 1814 3291 ,
1885 3212 2055 3276 sicut
2093 3211 2168 3273 iu
2207 3207 2381 3273 libro

542 3326 907 3418 ¹quodam
962 3317 1605 3392 'Sententiarum
1679 3326 1888 3407 ipsius
1965 3335 2032 3389 et
2090 3323 2252 3388 item
2311 3323 2380 3387 iu

554 3439 832 3524 quadam
887 3439 1035 3522 ejus
1078 3440 1492 3523 expositione
1531 3437 1871 3522 Epistolae
1915 3436 2004 3504 ad
2046 3436 2384 3506 Romanos

552 3549 765 3639 legi,
812 3553 1198 3620 temerarius
1222 3564 1548 3622 scrutator
1572 3551 1941 3637 majestatis
1966 3550 2384 3636 aggrediens,

556 3666 635 3731 iu
664 3665 833 3749 ipso·
856 3664 1091 3730 statim·
1145 3684 1307 3731 suae
1348 3664 1810 3747 disputationis
1851 3662 2125 3728 exordio
2171 3660 2386 3727 eccle-

558 3776 980 3846 aiautieorum
1019 3793 1215 3844 unam
1258 3776 1550 3844 omnium
1606 3775 1689 3848 de
1746 3774 1874 3840 hac
1914 3795 1988 3839 re
2034 3774 2192 3840 dicit
2235 3794 2385 3838 esse

500 3947 509 3956 .
560 3892 957 3958 senteutiam
1004 3903 1074 3958 et
1124 3892 1336 3973 ipsam
1389 3890 1576 3972 pouit
1609 3883 1696 3954 'ac
1736 3889 1986 3973 speruit
2029 3899 2099 3952 et
2135 3885 2387 3973 gloria-

562 4016 668 4070 tur
708 4025 787 4070 se
824 4002 1073 4082 habere
1114 4001 1482 4072 meliorem.
1707 4075 1712 4078 Α

453 4116 684 4204 3021».
733 4123 879 4183 190.
956 4115 1312 4184 Sciendum
1355 4128 1480 4200 est,
1525 4120 1640 4199 ait,
1687 4114 1860 4203 quod
1891 4135 2119 4182 omnes
2160 4114 2389 4180 docto-
