2842 4800
461 421 571 496 24

469 584 681 661 solius
734 589 909 671 Dei,
976 591 1165 675 cujus
1229 602 1447 656 tamen
1511 591 1778 674 spiritus
1844 593 1912 656 in
1972 591 2077 657 his
2133 592 2467 673 fidelibus,

470 726 637 794 qnos
662 703 828 784 vult,
870 703 1182 788 loquitur,
1226 706 1371 787 ipso
1396 716 1782 785 attestante,
1828 708 1938 789 qui
1965 709 2082 786 ait,
2126 728 2257 772 non
2293 711 2466 773 enim

467 838 592 886 vos
651 817 854 895 estis,
911 818 1022 900 qui
1076 813 1422 900 loquimini
1481 818 1603 882 sed
1659 821 1929 902 spiritus
1973 816 2190 903 'patris
2235 813 2464 900 vestri,

468 933 582 1017 qui
621 929 914 1016 loquitur
955 930 1026 992 in
1047 927 1267 993 vobiS.
1336 927 1784 1014 Hieronymus
1807 953 2006 1014 super
2029 918 2464 997 ecclesiasten

469 1041 631 1109 dicit
653 1061 851 1126 super
876 1061 1024 1105 eum
1050 1038 1298 1118 locum,
1343 1041 1551 1127 qui[s]
1576 1045 1702 1106 scit
1723 1044 1990 1124 spiritns
2018 1043 2305 1110 filiorum
2347 1042 2466 1108 ho-

467 1156 750 1235 minum,
811 1156 872 1219 si
914 1153 1231 1220 ascendat
1272 1175 1596 1235 snrsnm‚.
1630 1169 1700 1220 et
1740 1158 2007 1240 spiritus
2049 1162 2311 1240 pecoris
2354 1159 2467 1223 de-

468 1267 744 1336 scendat
808 1266 1117 1333 deorsum
1176 1265 1248 1330 in
1294 1277 1502 1332 terra.
1591 1265 1770 1333 Illud
1835 1270 2003 1353 quod
2051 1270 2293 1336 dictum
2339 1284 2464 1349 est,

468 1380 966 1470 generationem
1016 1381 1166 1465 ejus
1245 1379 1391 1464 quis
1474 1380 1847 1446 enarrabit?
1948 1383 2032 1447 ad
2094 1382 2464 1467 exemplum

470 1494 748 1561 difficile
813 1515 947 1558 non
1006 1491 1416 1577 impossibile
1478 1493 1720 1574 trahit,
1784 1494 2009 1560 dicens
2056 1495 2463 1579 adjiciendo:

469 1609 643 1693 quis,
688 1604 1149 1673 difficultatem
1191 1608 1289 1671 rei
1331 1605 1543 1672 voluit
1588 1609 2063 1674 demonstrare.
2150 1607 2304 1672 Hoc
2345 1630 2472 1672 no·-

467 1724 836 1789 meu-enim
879 1722 1050 1805 quis,
1091 1721 1161 1784 in
1192 1720 1528 1803 scripturis
1561 1724 1839 1802 sanctis,
1884 1743 2016 1786 non
2059 1744 2176 1804 pro
2221 1724 2462 1806 impos·-

465 1832 649 1902 sibili
683 1837 802 1900 sed
843 1855 961 1918 pro
986 1833 1244 1900 difficili
1279 1856 1538 1919 semper
1570 1838 1909 1918 accipitur,
1954 1847 2058 1900 ut:
2083 1838 2457 1922 generatio-

470 1968 623 2015 nem
665 1950 814 2034 ejus
857 1948 1004 2032 quis
1046 1945 1404 2027 enarrabit,
1449 1949 1520 2013 id
1564 1961 1666 2013 est
1706 1932 1986 2015 Christi(
2038 1947 2229 2014 Haec
2263 1951 2463 2014 etiam

469 2062 836 2145 sapientiae
872 2064 1316 2139 coaeternitas
1379 2083 1525 2129 eum
1581 2076 1768 2145 patre
1831 2063 2032 2146 plane
2075 2065 2141 2127 in
2183 2062 2460 2128 Prover-

467 2172 599 2241 biis
643 2185 1045 2241 monstratur
1084 2173 1190 2242 his
1233 2174 1491 2245 verbis}
1566 2176 1711 2263 Ego
1754 2177 2082 2263 sapientia
2123 2166 2350 2240 habito
2390 2178 2462 2239 in

471 2286 780 2369 consilio,
820 2287 1124 2354 dominus
1165 2289 1466 2375 possedit
1506 2312 1614 2355 me
1654 2291 1843 2354 initio
1887 2291 2139 2354 viarum
2173 2310 2462 2366 suarum,

470 2414 820 2488 antequam
863 2405 1209 2488 quicquam
1251 2403 1504 2468 faceret
1547 2426 1587 2469 a
1614 2405 1958 2490 principio.
2046 2402 2149 2467 Ab
2188 2414 2461 2470 aeterno

472 2515 773 2582 ordinata
825 2527 1019 2595 sunt,
1079 2527 1233 2581 ante
1300 2515 1511 2581 colles
1567 2538 1692 2603 ego
1750 2514 2195 2602 parturiebar,
2249 2514 2463 2581 adhuc

470 2631 714 2695 terram
756 2649 890 2694 non
930 2629 1187 2695 fecerat
1230 2642 1298 2695 et·
1324 2629 1627 2694 cardines
1668 2628 1846 2694 orbis
1875 2641 2119 2704 terrae.
2180 2625 2462 2704 Quando

468 2736 909 2828 praeparabat
947 2741 1175 2808 coelos
1220 2737 1508 2821 ader‘am,
1557 2742 1815 2826 quando
1862 2739 2277 2827 appendebat
2314 2740 2464 2805 fun-

471 2856 845 2924 damentum
889 2868 1104 2922 terrae
1154 2877 1298 2921 cum
1347 2878 1428 2920 eo
1489 2876 1710 2933 eram,
1777 2867 2012 2920 cuncta
2069 2875 2490 2938 componens‘

470 2981 541 3036 et
596 2967 981 3039 delectabar
1038 2990 1157 3054 per
1215 2967 1516 3056 singulos
1584 2968 1724 3033 dies
1789 2965 2027 3032 ludens
2101 2988 2322 3033 coram
2381 2990 2464 3033 eo

472 3085 654 3151 omni
715 3095 1026 3167 tempore.
1127 3079 1304 3157 Quid
1375 3083 1551 3146 enim
1616 3082 1905 3163 apertius
1975 3079 2061 3144 ad
2129 3093 2467 3146 aeternam

470 3198 970 3286 generationem
1012 3194 1233 3275 verbi,
1292 3217 1486 3280 quam
1528 3194 1634 3274 id,
1681 3194 1854 3277 quod
1898 3204 2165 3258 aeterna
2207 3195 2465 3276 sapien-

472 3309 568 3374 tia
585 3307 887 3394 perhibet
921 3308 1056 3395 [se]
1102 3320 1257 3374 ante
1277 3306 1503 3373 mnndi
1530 3307 2060 3372 constitutionem
2084 3316 2466 3389 conceptam

475 3441 625 3487 esse
668 3433 738 3486 et
774 3422 1120 3505 parturiri,
1183 3441 1260 3485 se
1316 3440 1463 3485 cnm
1512 3429 1703 3503 patre
1748 3417 2172 3488 aeternaliter
2211 3439 2467 3501 perma-

473 3543 740 3598 nentem
782 3553 1039 3617 semper
1079 3531 1310 3600 ludere
1365 3553 1586 3599 coram
1631 3553 1736 3598 eo.
1826 3529 2078 3615 Quippe
2124 3552 2269 3597 cum
2311 3551 2467 3596 eon-

475 3655 732 3730 ceptnm
768 3646 1150 3729 parturitur,
1193 3645 1422 3730 ntique
1463 3646 1534 3709 in
1575 3646 1722 3728 ipso
1765 3657 1892 3725 est,
1937 3665 1980 3709 a
2022 3664 2149 3729 quo
2192 3663 2470 3730 genera·

474 3764 582 3820 tur
622 3767 692 3822 et
729 3758 1057 3842 sapientia
1096 3759 1166 3823 in
1206 3758 1355 3841 ipsa
1395 3754 1766 3823 substantia
1817 3735 1962 3823 sive
2017 3755 2310 3821 essentia
2351 3774 2470 3837 po-

476 3869 727 3936 tentiae
768 3879 912 3950 est,
969 3890 1116 3935 cnm
1154 3870 1303 3954 ipsa
1343 3868 1603 3935 scilicet
1659 3869 1978 3954 quaedam
2019 3868 2315 3952 potentia
2354 3867 2492 3969 sit&

475 3982 651 4048 sicut
698 3982 1028 4069 posterius
1086 3980 1531 4052 ostendemus.
1618 3978 1796 4047 Tale
1859 3991 1963 4046 est
2002 3978 2165 4068 erg‘o
2206 3982 2467 4063 sapien-

473 4092 636 4163 tiem
692 4104 1075 4182 conceptam
1130 4095 1437 4183 parturiri
1500 4113 1545 4161 a
1581 4093 1772 4177 Deo,
1833 4115 1912 4161 ac
1964 4095 2025 4161 si
2067 4093 2310 4161 dictum
2349 4092 2465 4171 sit,
