2842 4800
2194 371 2320 447 ἱ66

297 534 608 627 passum,
655 546 766 628 qui
809 556 1004 609 nocte
1050 555 1312 627 captus,
1356 543 1442 608 ad
1483 532 1787 623 Annam,
1832 543 1918 607 ad
1964 539 2311 625 caipham,

299 658 386 723 ad
437 656 768 736 Pilatum,
846 658 930 723 ad
989 655 1327 722 Herodem
1383 655 1654 734 ductus,
1722 655 1961 722 faciem
2020 654 2310 736 velatus,

298 780 691 851 consputus,
737 766 1024 856 ligatus,
1066 752 1487 855 flagellatus,
1543 766 1823 847 illusus,
1869 770 2073 851 spinis
2120 788 2310 834 coro-

291 893 522 961 natus,
603 902 883 964 purpura
972 882 1277 961 indutus,
1341 892 1551 947 morte
1605 882 1980 964 turpissima
2043 880 2310 948 tandem

294 994 768 1060 condemnatus
839 1006 908 1059 et
961 1016 1104 1083 cum
1159 996 1402 1078 iniquis
1465 1005 1567 1059 est
1608 1007 1987 1078 reputatus,
2060 1006 2129 1059 et
2170 1016 2305 1061 non

290 1108 511 1174 solnm
554 1110 622 1171 in
660 1100 899 1197 morte,
942 1127 1169 1205 verum
1219 1108 1416 1171 etiam
1440 1118 1589 1189 post
1609 1120 1882 1173 mortem
1909 1130 2056 1177 eum
2083 1119 2305 1174 custo·

289 1223 572 1301 dierunt,
633 1235 702 1286 et
744 1222 988 1287 famam
1035 1221 1183 1302 ejus
1227 1231 1362 1284 tam
1401 1222 1472 1283 in
1517 1204 1616 1299 se,
1661 1242 1853 1304 quam
1894 1223 1965 1287 in
2009 1219 2161 1287 aliis
2184 1242 2303 1287 cx·

286 1339 625 1421 stinguere
696 1336 1062 1418 cupierunt.
1153 1331 1349 1409 Quod
1394 1343 1615 1398 autem
1669 1335 1892 1414 passio
1953 1336 2083 1398 ista
2140 1355 2300 1417 pras

291 1451 575 1514 caeteris
622 1446 959 1513 difficilior
1001 1422 1224 1525 fuerit,
1268 1444 1443 1509 idem
1487 1466 1606 1531 per
1645 1442 2051 1510 Hieremiam
2094 1457 2300 1511 testa-

284 1574 413 1642 tur,
460 1562 683 1626 dicens
725 1563 858 1626 sic:
916 1558 977 1626 O
1023 1579 1156 1623 vos
1183 1579 1437 1638 omnes,
1480 1558 1588 1640 qui
1635 1559 1928 1622 transitis
1959 1559 2298 1641 perviam,

286 1675 640 1755 attendite,
693 1675 752 1739 si
794 1685 898 1738 est
940 1671 1132 1737 dolor
1173 1673 1345 1736 sicut
1388 1668 1579 1735 dolor
1625 1692 1832 1736 meus.
1922 1669 2099 1738 Huic
2136 1694 2299 1760 ergo

281 1789 575 1874 passioni
622 1798 856 1852 cuncta
898 1797 1253 1869 martyrum
1306 1796 1635 1850 tormenta
1678 1796 2059 1868 comparata
2102 1785 2294 1871 quasi

282 1901 470 1968 nulla
514 1921 665 1965 esse
713 1895 1127 1975 videbuntur,
1183 1908 1250 1961 et
1292 1897 1443 1961 ideo
1488 1918 1621 1962 non
1665 1908 1886 1978 potest
1930 1898 2172 1982 aliquis
2217 1919 2294 1964 se
2369 1957 2379 1966 .

280 2017 349 2079 in
394 2015 706 2096 passione
766 2007 873 2075 illi
929 2011 1384 2093 aequiparare.
1474 2009 1560 2073 Et
1619 2007 1745 2075 hoc
1790 2020 1997 2078 totum
2039 2010 2291 2078 factum

278 2136 578 2205 constat,
649 2135 723 2190 nt
777 2124 1157 2190 ostenderet
1220 2135 1526 2207 quantam
1583 2121 2007 2191 dilectionem
2048 2126 2118 2191 in
2163 2125 2287 2191 ho-

275 2243 456 2307 mine
498 2237 794 2317 haberet,
840 2248 913 2302 ut
958 2249 1024 2302 et
1066 2214 1401 2301 hominem
1444 2240 1654 2324 magis
1698 2222 1780 2303 ad
1832 2239 1935 2303 sui
1981 2237 2288 2309 dilectio-

274 2376 427 2421 nem
468 2351 880 2420 accenderet.
967 2346 1202 2415 Unde:
1279 2350 1350 2413 in
1413 2347 1544 2416 hoc
1584 2356 1989 2437 cognoscent
2032 2374 2286 2436 omnes,

276 2472 430 2557 quia
474 2469 602 2535 mei
646 2468 807 2531 estis
852 2463 1175 2548 discipuli,
1223 2465 1282 2528 si
1327 2463 1756 2529 dilectionem
1786 2462 2152 2533 habueritis
2195 2469 2282 2535 ad

274 2586 579 2650 invicem.
667 2580 752 2644 Et
792 2576 1190 2660 Apostolus:
1257 2586 1331 2642 ut
1373 2577 1528 2661 quid
1573 2563 1910 2659 Clu-istus,
1975 2601 2121 2645 cum
2163 2581 2282 2646 ad·
2339 2657 2348 2667 κ

274 2696 400 2762 linc
454 2687 697 2760 infirmi
758 2677 1091 2769 essemus,
1155 2691 1518 2756 secundum
1575 2702 1827 2774 tempus
1882 2713 2002 2774 pro
2057 2694 2278 2777 impiis

269 2821 562 2877 mortuns
639 2818 761 2873 est.
856 2806 943 2871 Et
995 2803 1190 2871 alibi:
1257 2806 1357 2870 sio
1400 2785 1588 2869 Deus
1646 2786 1888 2871 dilexit
1941 2784 2273 2886 mundum,

269 2935 342 2987 ut
383 2921 823 2989 filium.suum
867 2899 1274 3007 unigenitum
1319 2918 1531 2985 daret.
1627 2915 1718 2983 Ut
1760 2920 1938 2983 enim
1968 2917 2271 2985 Hilarius

272 3037 461 3102 dicit:
527 3035 737 3121 magis
805 3032 1044 3099 dilexit
1090 3030 1418 3097 hominem
1474 3049 1667 3115 quam
1711 3041 1967 3096 ceteras
2010 3042 2282 3098 creatu--

267 3171 400 3215 ras.
464 3147 680 3216 'Unde
723 3159 790 3213 et
830 3158 1095 3231 propter
1138 3167 1286 3212 cum
1327 3144 1636 3210 mundum
1677 3144 1861 3225 fecit,
1907 3156 1977 3210 et
2015 3147 2265 3227 omnia,

269 3284 436 3348 quae
504 3273 655 3328 sunt
720 3264 790 3326 in
832 3253 1067 3357 ornatu
1118 3259 1343 3324 mundi
1400 3269 1469 3323 et
1511 3279 1658 3323 eum
1701 3260 1889 3342 quasi
1932 3258 2263 3325 dominum

265 3375 333 3441 e't
369 3396 824 3460 possessorem
864 3375 937 3439 in
994 3373 1211 3440 medio
1275 3371 1564 3451 locavit,
1635 3372 1826 3456 eique
1851 3371 2147 3458 ‘angelos
2190 3375 2262 3438 in

262 3489 687 3555 ministerium
731 3489 1090 3573 deputavits
1179 3485 1319 3563 Qui·
1355 3509 1501 3553 cum
1543 3493 1845 3569 peccaret
1909 3506 1951 3550 a
1992 3486 2257 3551 domino

259 3623 378 3669 suo
448 3623 566 3688 per
631 3614 970 3685 peccatum
1025 3601 1369 3683 separatus
1430 3610 1557 3664 est.
1645 3597 1851 3663 Venit
1918 3618 2079 3685 ergo
2123 3596 2257 3664 Dei

256 3709 472 3798 filius,
539 3728 611 3781 ut
665 3735 989 3802 congruus
1030 3714 1354 3778 mediator
1399 3713 1728 3778 hominem
1757 3732 1815 3775 ‘a
1854 3723 2125 3794 peccato
2167 3709 2290 3776 li-·

256 3826 520 3893 b‘eraret
570 3837 689 3891 ·et·
728 3823 1152 3891 dilectionem
1230 3827 1417 3890 suam
1473 3824 1538 3889 ei
1599 3824 2021 3890 immitteret-²
2100 3822 2253 3890 Hoc

255 3931 472 4005 a'utem
538 3937 699 4004 facit
774 3917 1106 4004 hominem
1188 3957 1381 4020 quem
1451 3937 1769 4002 assumsit
1785 3940 1812 3952 ''
1833 3938 2007 4021 patri
2082 3931 2250 4001 οἷοὶ

250 4041 495 4132 tendo,
537 4049 607 4117 id
650 4061 754 4118 est
775 4096 800 4133 ,
840 4051 1120 4135 pretium
1163 4029 1281 4134 pro
1326 4047 1595 4116 homino
1636 4045 1969 4115 hominem
2011 4048 2274 4116 ‹lando-²

1799 4166 1838 4227 5
