2842 4800
485 361 598 438 «to

374 602 385 611 ‚
495 550 647 598 esse
689 551 878 598 suum
919 535 1282 617 potentiam
1323 535 1635 620 requirit,
1682 549 1752 602 et
1792 538 1893 603 sic
1935 539 2233 622 potentia
2274 540 2501 625 divina

493 665 580 710 ex
619 663 695 709 se
739 646 1129 728 sapientiam
1169 648 1426 734 gignit,
1470 660 1544 713 ut
1581 670 1792 736 genus
1838 653 2166 734 speciem,
2213 650 2323 718 vel
2362 674 2500 718 ma-

495 758 665 824 teria
702 734 1142 826 materiatum.
1232 757 1408 835 Quia
1449 780 1629 827 vero
1656 783 1789 829 non
1827 775 2087 846 poterat
2141 736 2327 845 dici,¹
2382 787 2499 850 po·
2569 844 2574 849 ‚

497 874 707 938 tentia
756 873 890 937 ista
956 883 1059 938 est
1126 876 1403 939 materia
1425 919 1448 953 ,
1514 877 1843 958 sapientia
1915 888 2019 941 est
2058 880 2544 969 materiatum,

495 987 651 1071 quia
689 986 985 1068 potentia
1028 995 1303 1071 aeterna
1345 998 1485 1066 est,
1532 989 1877 1070 sapientia
1906 1004 2297 1071 coaeterna,
2342 987 2516 1058 ideo

496 1095 893 1165 translatum
951 1107 1054 1162 est
1107 1095 1234 1163 hoc
1284 1116 1548 1163 nomen
1608 1111 1798 1182 pater
1855 1102 1942 1166 ad
1998 1103 2499 1191 significandam

493 1211 857 1294 potentiam
912 1206 1266 1291 divinam,'
1307 1210 1486 1277 filius
1547 1212 1633 1276 ad
1698 1213 2195 1301 significandam
2239 1218 2499 1298 sapien-

497 1327 697 1407 tiam,
762 1326 917 1410 quia
975 1335 1050 1389 ut
1109 1323 1390 1425 diximus
1434 1326 1762 1408 sapientia
1805 1327 2221 1392 discernendi
2263 1339 2368 1393 est
2410 1349 2500 1394 ex

495 1438 794 1522 potentia
852 1436 999 1502 illa.
1105 1435 1242 1501 Sed
1311 1438 1608 1522 potentia
1650 1458 1784 1505 non
1829 1450 1935 1503 est
1996 1460 2080 1504 ex
2143 1442 2495 1522 sapientia,

494 1555 666 1619 sicut
708 1551 890 1619 filius
932 1563 1039 1617 est
1080 1573 1168 1617 ex
1192 1562 1402 1634 patre,
1447 1573 1581 1618 non
1622 1565 1813 1635 pater
1856 1575 1946 1619 ex
1985 1553 2153 1634 filio,
2200 1557 2321 1620 sed
2346 1558 2498 1642 quia

492 1664 686 1734 multi
727 1676 906 1745 sunt,
952 1665 1063 1749 qui
1103 1676 1380 1747 possunt
1424 1676 1495 1729 et
1533 1667 1785 1745 sciunt,
1834 1688 1955 1732 nec
2000 1680 2224 1733 tamen
2267 1670 2500 1736 volunt

497 1791 567 1846 et
603 1778 757 1845 ideo
800 1779 956 1846 talis
997 1780 1298 1861 potentia
1339 1790 1407 1843 et
1449 1777 1607 1844 talis
1651 1780 1930 1845 scientia
1973 1782 2057 1846 ad
2100 1782 2351 1849 nullum
2397 1786 2497 1850 ef·
2559 1810 2568 1825 ·

494 1893 741 1960 fectum
779 1895 1208 1978 perveniunt,
1270 1893 1427 1958 ideo
1468 1891 1573 1958 illi
1618 1893 1881 1959 divinae
1925 1898 2255 1960 essentiae
2303 1918 2495 1962 coae-

496 2018 686 2073 terua
748 2028 1004 2092 quoque
1074 2003 1385 2071 voluntas
1444 2004 1656 2071 adest.
1745 2004 1920 2082 Quia
1983 2029 2140 2072 vero
2188 2008 2495 2076 voluntas

495 2140 630 2186 uon
674 2131 778 2186 est
819 2121 1154 2203 potentia,
1199 2112 1351 2185 ideo
1396 2141 1531 2184 non
1576 2121 1869 2185 continet
1911 2122 2326 2204 sapientiam,
2370 2144 2494 2188 nec

496 2236 870 2333 continetur
926 2255 969 2298 a
1007 2234 1326 2316 potentia.
1417 2228 1573 2298 Non
1626 2234 1829 2320 igitur
1882 2235 2095 2320 gignit
2139 2256 2227 2299 ex
2269 2256 2344 2299 se
2388 2256 2499 2299 sa-

495 2324 811 2436 pientiarn
853 2342 922 2412 et'
962 2348 1058 2412 ita
1100 2368 1233 2413 non
1277 2358 1382 2413 est
1421 2359 1611 2432 pater
1652 2368 1775 2412 nec
1800 2349 2061 2435 genitus
2107 2368 2148 2411 a
2174 2349 2494 2431 potentia,

498 2473 570 2529 et
609 2462 708 2527 sic
752 2461 884 2527 non
926 2473 1030 2526 est
1068 2460 1289 2541 filius,
1355 2462 1474 2526 sed
1518 2461 1816 2543 procedit
1858 2445 1910 2527 a
1940 2464 2237 2544 potentia
2282 2473 2350 2527 et
2390 2484 2498 2528 sa-

497 2576 748 2660 pientia
802 2572 1377 2652 haecvoluntas,
1446 2576 1601 2657 quia
1657 2575 1808 2639 ideo
1868 2574 2013 2640 vult
2050 2574 2239 2641 Deus
2283 2578 2502 2656 omnia

499 2710 671 2773 quae
712 2687 913 2768 facit,
983 2689 1137 2773 quia
1179 2699 1446 2770 potest‘,
1510 2689 1661 2771 quia
1704 2691 1866 2766 scit,
1912 2709 2042 2752 non
2090 2702 2305 2753 autem
2349 2690 2501 2754 ideo

494 2812 718 2885 potest
758 2802 912 2886 quia
953 2802 1104 2880 scit,
1147 2799 1259 2866 vel
1304 2803 1457 2885 quia
1497 2799 1670 2865 vult.
1755 2800 1947 2866 Haec
1985 2803 2318 2884 processio
2346 2802 2499 2867 inde

499 2925 640 2993 est,
707 2914 862 2997 quia
905 2911 1074 2977 haec
1117 2913 1463 2993 voluntaS,
1532 2935 1698 2997 quae
1742 2926 1845 2977 est
1888 2925 1954 2977 et
1996 2912 2297 2994 bonitas,
2355 2915 2499 2978 sive

494 3026 911 3115 benignitati,
989 3029 1132 3092 sive
1173 3029 1381 3113 magis
1441 3030 1719 3107 caritas,
1783 3050 1868 3093 ex
1913 3029 2383 3110 omnipotentia
2427 3039 2494 3092 et

501 3140 999 3222 omnisapientia
1042 3141 1203 3204 exit.
1289 3139 1475 3205 Deus
1520 3143 1693 3204 onim
1738 3162 1881 3204 cum
1944 3142 2141 3223 plene
2184 3142 2271 3205 sit
2311 3140 2498 3206 suffi-

504 3253 683 3318 ciens
727 3250 880 3331 sibi,
912 3275 1055 3317 cum
1083 3252 1292 3318 nihilo
1324 3253 1647 3340 indigeat,
1690 3255 1764 3330 in.
1803 3252 1985 3316 nullo
2032 3253 2157 3318 sibi
2184 3254 2500 3336 prodesse
2575 3247 2584 3258 ”

496 3374 739 3448 potest.
801 3361 963 3430 Cum
1005 3386 1163 3429 vero
1194 3368 1458 3446 caritaS,
1504 3377 1576 3429 ut
1623 3365 1779 3428 dicit
1824 3362 2209 3451 Gregorius,
2253 3367 2502 3431 vicaria

498 3478 612 3557 sit,
656 3478 808 3561 quia
850 3498 982 3542 non
1011 3488 1233 3561 potest
1274 3499 1422 3542 esse
1464 3478 1547 3542 ad
1568 3479 1806 3556 minus,
1858 3498 2047 3560 quam
2090 3480 2265 3541 inter
2307 3478 2496 3558 duos,

493 3587 668 3653 unde
717 3587 1019 3655 Christus
1073 3589 1263 3654 binos
1309 3601 1463 3654 ante
1506 3612 1582 3655 se
1642 3589 1941 3655 mittebat
1985 3588 2363 3671 apostolos,
2428 3601 2497 3654 et

495 3701 639 3787 ipse
663 3700 849 3768 Deus
874 3716 947 3768 ut
969 3685 1205 3770 dictum
1231 3716 1336 3768 est
1358 3702 1547 3790 si[bi]
1572 3704 1871 3769 misereri
1914 3713 1981 3765 et
2007 3702 2322 3784 prodesse
2366 3722 2500 3765 non
2565 3701 2572 3705 ’

494 3815 744 3900 possit,
803 3836 946 3879 cum
991 3813 1152 3894 hoc,
1219 3816 1522 3900 inquam,
1580 3817 1709 3896 sit,
1755 3837 1914 3902 erga
1963 3824 2299 3882 creaturas
2341 3830 2496 3879 suas

496 3925 715 3992 decuit
735 3929 1035 3994 exerceri
1064 3950 1212 3997 eam
1227 3936 1337 4010 ι1),
1376 3929 1552 4014 dona
1574 3950 1693 3994 sua
1716 3927 1998 4015 singulis
2022 3903 2138 4010 pro
2162 3925 2491 3991 libertatis

493 4058 655 4105 suae
700 4037 969 4106 arbitrio
1016 4040 1392 4123 dividendo,
1437 4039 1564 4108 hoc
1606 4039 1709 4106 illi
1752 4038 1921 4107 illud
1958 4037 2109 4108 huic
2150 4061 2268 4124 pro
2297 4021 2495 4104 ruodo
