2842 4800
496 371 802 444 XXXVI

501 577 823 633 summa
836 549 1308 632 liberalitate
1326 564 1574 661 atque
1589 551 2120 653 humanitate,
2136 578 2296 663 qua
2314 577 2502 632 mea

503 694 768 779 studia
822 692 1306 805 adjuverunt
1362 713 1445 777 et
1478 724 1637 807 pro
1685 699 1921 807 larga
1968 697 2498 796 institutione,

507 868 751 953 quam
809 840 911 922 de
970 857 1461 951 argumento
1486 900 1509 943 ,
1568 840 1940 945 historia,
1999 837 2505 923 administra·

393 1060 411 1091 χ
501 986 730 1068 tione
786 999 1028 1098 atque
1085 984 1588 1071 institutione
1641 985 2178 1070 bibliothecae
2224 988 2503 1099 regiae

505 1133 612 1217 ab
662 1135 761 1215 iis
820 1135 1097 1245 accepi
1118 1192 1142 1236 ‚
1200 1133 1507 1244 gratias
1569 1159 1828 1243 quam.
1865 1156 2200 1241 possum
2250 1132 2505 1213 maxi·
2549 1234 2562 1247 ·

504 1305 685 1361 mas
763 1306 1008 1390 agam
1080 1293 1164 1361 et
1237 1304 1672 1388 exponam.
1805 1276 1939 1358 Ab
1995 1276 2121 1356 his
2180 1302 2505 1388 ,quoque

503 1425 737 1510 viris
796 1396 1064 1509 afidivi
1119 1425 1368 1507 alium
1421 1423 1828 1534 quendam
1904 1421 2340 1504 Abaelardi
2416 1421 2507 1502 li-

503 1572 752 1654 brum
808 1573 944 1683 qui
1002 1571 1508 1652 inscribitur:
1572 1569 1711 1651 Sic
1739 1583 1823 1651 et
1847 1570 2074 1669 Non,
2131 1569 2327 1649 satis
2359 1592 2506 1648 no·

507 1733 714 1819 tum,
755 1728 862 1799 ex
897 1711 1418 1799 Bibliotheeis
1446 1715 2046 1798 Monachorum
2065 1715 2508 1795 Monaoum
2569 1818 2578 1828 ·

508 1860 831 1945 venisse
847 1857 924 1913 ²⁰)
970 1876 1209 1972 atque
1230 1861 1365 1944 hie
1384 1862 1647 1944 adhuc
1659 1874 1983 1943 extare.
2063 1859 2261 1944 Vidi
2290 1859 2508 1940 huno

508 2007 810 2089 librum
869 2034 1216 2119 eumque
1267 2037 1373 2090 ex
1413 2022 1649 2116 parte
1690 2007 1877 2117 legi,
1936 2005 2081 2087 sed
2112 2001 2198 2085 in
2232 2005 2503 2087 locum

457 2154 460 2159 ’
512 2179 749 2237 suum
788 2150 1180 2263 ⁸reposui,
1254 2155 1443 2263 quia
1501 2154 2034 2236 Victorem
2090 2152 2505 2256 Cousin,

513 2299 1097 2410 Philosophiam
1185 2298 1721 2383 Parisiensem
1744 2358 1768 2403 ,
1868 2300 2170 2390 Virum
2263 2296 2509 2409 pluri-

512 2446 670 2527 mis
736 2445 1212 2526 nominibus·
1273 2440 1681 2554 insignem
1703 2506 1730 2548 ,
1810 2447 1897 2528 in
1972 2446 2236 2527 lucem
2316 2469 2503 2525 eum

517 2591 920 2675 editurum
954 2617 1161 2692 esse,
1216 2605 1729 2716 compertum
1776 2589 2201 2672 habebam.
2237 2585 2312 2638 ‘⁰’
2413 2591 2506 2670 In

513 2988 630 3065 29)
686 2982 920 3049 Codex
979 2985 1085 3051 hie
1139 3008 1224 3051 ex
1281 2985 1700 3053 Bibliotheca
1746 2986 2318 3061 Benedictinorum
2369 2994 2502 3063 Te-

684 3101 1113 3181 gernseeensi
1179 3120 1352 3164 anno
1412 3098 1838 3168 MDCCCIV
1895 3104 1962 3166 in
2021 3103 2503 3175 Bibliothecarn

681 3212 935 3295 regiam
978 3209 1452 3287 Monacensem
1506 3217 2021 3302 transmigravit.
2106 3217 2186 3283 In
2247 3218 2508 3287 Collec-

684 3324 866 3386 tione
902 3321 1113 3388 codd.
1149 3323 1475 3411 Tegerns.
1520 3328 1905 3415 designatus
1949 3341 2081 3395 est:
2131 3328 2209 3395 C.
2237 3330 2323 3396 Τ.
2349 3333 2506 3399 Lat.

685 3437 834 3498 926.
920 3433 1331 3502 Membranis
1377 3451 1480 3504 est
1524 3443 1829 3522 scriptus,
1872 3440 1995 3506 fol.
2039 3438 2189 3506 XC.
2235 3448 2298 3507 8.
2342 3441 2507 3528 Imp.

685 3545 925 3630 Incipit
967 3546 1278 3634 prologus
1322 3549 1428 3616 his
1471 3552 1729 3619 verbis:
1777 3577 1920 3620 omn
1963 3555 2034 3618 in
2078 3564 2262 3619 tanta
2304 3554 2507 3621 libro·

686 3681 829 3725 rum
869 3660 1285 3728 multitudine
1308 3665 1628 3733 nonnulla
1651 3679 1783 3732 ete.
1849 3665 2187 3733 Dividitur
2226 3663 2398 3731 liber
2438 3666 2509 3731 in

687 3770 974 3854 capitula
1007 3778 1150 3854 156,
1196 3797 1468 3859 quorum
1492 3781 1766 3861 primum
1799 3777 2058 3843 titulum
2085 3781 2292 3866 gerit:
2335 3777 2508 3864 quod
2605 3799 2626 3844 N.

684 3883 854 3952 fides
898 3883 1198 3951 humanis
1241 3888 1607 3955 rationibus
1653 3912 1783 3956 non
1829 3891 1918 3955 sit
1959 3889 2336 3956 astruenda.

516 4073 630 4154 30)
685 4066 910 4139 Victor
957 4068 1208 4138 Cousin
1265 4075 1467 4163 igitur
1506 4072 1731 4142 flebile
1775 4073 1940 4142 illud
1997 4078 2317 4163 judicium
2359 4079 2503 4144 irri-
