2842 4800
1274 587 1492 738 (daput
1537 649 1768 721 XXX.

1119 791 1211 850 De
1254 800 1606 849 sacramento
1643 791 1934 848 unctionis.

696 913 802 981 De
833 925 1243 978 sacramento
1275 914 1598 976 unctionis
1624 895 1972 977 videndum
2002 922 2229 977 restat.
2286 909 2522 977 Scien-

524 1026 675 1093 dum
709 1029 943 1115 igitur,
993 1023 1118 1088 hoc
1149 1035 1626 1090 sacramentum
1657 1045 1805 1088 esse
1837 1024 2135 1107 ejusdem
2161 1025 2260 1087 rei
2291 1046 2520 1089 sacra-

521 1131 848 1216 mentum,
914 1139 1105 1225 cujus
1146 1148 1211 1201 et
1260 1148 1741 1200 sacramentum
1794 1133 2060 1216 altaris,
2132 1137 2286 1220 quia
2325 1133 2520 1202 illam

523 1257 899 1322 unctionem
943 1254 1171 1336 capitis
1215 1264 1282 1315 et
1324 1249 1757 1317 membrorum
1799 1244 2162 1338 significat,
2208 1274 2374 1336 quae
2405 1274 2520 1316 sa-

524 1381 856 1443 cramento
914 1367 1142 1432 altaris
1199 1353 1632 1452 significatur}
1736 1363 1972 1430 Unctio
2028 1368 2202 1431 euim
2249 1367 2379 1429 ista
2422 1367 2516 1428 si·-

524 1495 636 1548 cut
677 1484 847 1546 trina
893 1482 963 1544 in
1008 1479 1219 1561 capite
1249 1481 1613 1561 praecessit
1655 1480 1753 1543 sic
1800 1491 1869 1542 et
1914 1481 1982 1544 in
2017 1477 2325 1544 membris
2359 1478 2517 1543 sub·

521 1596 841 1678 sequitur.
910 1588 1159 1657 Verum
1203 1593 1355 1674 quia
1396 1587 1523 1655 hoc
1565 1603 2048 1657 sacramentum
2079 1590 2380 1656 ultimum
2411 1601 2518 1655 est

523 1709 845 1783 omnium,
911 1716 979 1768 et
1035 1704 1226 1786 quasi
1281 1704 1791 1783 consummatio,
1846 1703 2000 1768 ideo
2054 1704 2517 1790 praerogativa

522 1817 840 1902 quadam,
896 1816 1055 1881 licet
1096 1816 1185 1924 ⁵¹¹,
1211 1813 1361 1879 aliis
1405 1817 1631 1879 unctio
1678 1817 2131 1896 contineatur,
2190 1816 2316 1881 hoc
2356 1838 2517 1881 unc-

522 1934 723 1997 tionis
788 1940 1264 1996 sacramentum
1310 1931 1464 2014 jure
1519 1941 1830 2015 vocatur,
1898 1930 2072 2012 quod
2130 1930 2387 2013 quidem
2442 1931 2517 1996 in

520 2048 733 2128 capite
781 2055 1006 2119 nostro
1066 2041 1372 2119 Christo,
1433 2053 1504 2104 ut
1547 2041 1785 2104 dictum
1828 2053 1954 2120 est,
1998 2042 2169 2106 trina
2210 2062 2518 2123 praeces-

518 2159 631 2223 sit.
707 2155 898 2221 Unde
932 2153 1366 2232 et'Christus,
1410 2152 1478 2215 id
1510 2165 1653 2231 est,
1700 2151 2046 2218 chrismate
2076 2165 2334 2231 unctus,
2379 2155 2519 2219 dic-

518 2284 624 2336 tus
670 2283 794 2336 est.
881 2269 1033 2354 Ipse
1076 2289 1355 2351 namque
1414 2265 1567 2331 oleo
1629 2266 1956 2348 spirituali
2012 2265 2096 2330 ab
2155 2268 2301 2350 ipsa
2354 2288 2517 2331 con-

521 2378 822 2467 ceptione
866 2394 1096 2447 unctus
1123 2381 1271 2445 fuit.
1334 2377 1528 2445 Unde
1563 2392 1629 2445 et
1666 2377 2011 2446 Christus:
2058 2378 2336 2463 Spiritus
2371 2380 2515 2446 Do-

523 2499 684 2564 mini
729 2517 928 2577 super
967 2516 1098 2573 me,
1145 2516 1226 2559 eo
1273 2493 1449 2576 quod
1490 2495 1754 2559 unxerit
1793 2514 1942 2559 me:
1999 2494 2082 2558 ad
2124 2475 2517 2559 annuntian-

519 2610 672 2676 dum
714 2609 1076 2675 mansuetis
1120 2608 1304 2671 misit
1345 2627 1494 2685 me,
1536 2617 1608 2670 ut
1650 2605 1948 2670 mederer
2003 2609 2323 2673 contritos
2370 2629 2514 2673 cor-

520 2724 646 2798 de3
717 2736 785 2787 et
829 2734 1071 2786 cetera.
1159 2718 1337 2784 Hinc
1392 2720 1591 2783 etiam
1646 2717 2023 2800 psalmista:
2075 2717 2369 2784 dilexisti
2403 2722 2516 2803 ju·

460 2839 465 2848 ”
516 2838 765 2904 stitiam
847 2847 915 2900 et
985 2833 1184 2898 odisti
1255 2834 1712 2915 iniquitatem,
1790 2841 2138 2913 propterea
2200 2833 2390 2895 unxit
2446 2846 2515 2895 te

518 2951 746 3029 Deus,
791 2960 857 3013 et
901 2959 1147 3016 cetera.
1234 2945 1481 3011 Postea
1522 2944 1830 3028 perunxit
1870 2941 2093 3007 Maria
2135 2942 2334 3024 pedes
2367 2945 2515 3028 ejus

518 3064 589 3127 in
635 3063 826 3126 domo
870 3059 1157 3125 Simonis
1199 3057 1485 3140 leprosi,
1528 3056 1767 3119 deinde
1806 3065 2033 3135 caput,
2081 3055 2337 3138 qnando
2369 3054 2518 3120 ala-

518 3173 811 3239 bastrum
855 3173 1026 3237 fudit
1069 3193 1266 3254 super
1325 3182 1519 3251 caput
1573 3171 1746 3253 ejuS.
1831 3167 1977 3232 Has
2038 3168 2201 3232 duas
2258 3170 2516 3232 unctio-

520 3312 640 3357 nes
685 3291 1007 3372 suscepit,
1054 3289 1209 3371 quia
1249 3308 1370 3351 rex
1412 3297 1481 3349 et
1523 3283 1834 3348 sacerdos
1876 3294 2043 3347 erat.
2105 3280 2299 3348 Duae
2332 3280 2517 3347 simi-

521 3404 677 3469 liter
719 3422 1044 3486 personae
1086 3410 1459 3486 unguuntur
1512 3399 1582 3461 in
1627 3395 1947 3476 ecclesia,
2001 3415 2123 3459 rex
2184 3406 2252 3459 et
2295 3416 2516 3459 sacer-

521 3516 680 3595 dos,
724 3537 855 3579 una
898 3517 1110 3600 major
1152 3511 1367 3577 altera
1407 3512 1643 3575 minor.
1702 3508 1931 3574 Minor
1974 3529 2131 3571 vero
2175 3528 2217 3571 a
2258 3509 2514 3593 majore

516 3631 946 3709 benedicitur,
989 3641 1065 3694 ut
1102 3624 1465 3711 Apostolus
1503 3628 1620 3690 ait.
1685 3623 1764 3688 In
1806 3623 2117 3687 unctione
2158 3623 2357 3709 igitur
2397 3645 2513 3705 pe·-

518 3746 671 3812 dum
713 3746 925 3811 minor
966 3763 1288 3826 persona,
1343 3741 1412 3805 id
1457 3750 1595 3817 est,
1662 3737 2017 3815 sacerdos,
2074 3738 2146 3800 in
2202 3738 2513 3802 unctione

516 3860 751 3942 capitis
796 3859 1042 3941 major,
1085 3856 1156 3919 id
1200 3866 1339 3933 est,
1392 3874 1518 3917 rex
1572 3850 1912 3937 figuratur.
2010 3847 2232 3915 David
2289 3849 2514 3926 etiam,

517 3974 628 4059 qui
672 3973 742 4038 in
786 3968 1030 4036 Christi
1088 3968 1302 4055 figura
1357 3965 1759 4049 praecessit,
1811 3974 2047 4028 unctus
2089 3962 2297 4028 fuisse
2338 3960 2513 4054 legi-5

516 4100 656 4169 tur,
697 4088 908 4173 primo
950 4085 1022 4151 in
1079 4081 1274 4149 domo
1330 4079 1538 4167 patris
1581 4099 1624 4145 a
1666 4073 2017 4158 Samuele,
2078 4075 2365 4142 secundo
2400 4094 2513 4142 uu-
