2842 4800
303 579 377 643 In
402 579 691 646 creando
713 578 1100 662 potentiam,
1126 579 1195 645 in
1214 590 1438 646 creata
1451 579 1877 666 gubernando
1893 581 2310 664 sapientiam,

301 690 375 752 in
419 689 656 756 eadem
699 692 785 757 ad
834 694 1145 776 optimum
1210 703 1519 757 eventum
1581 688 1961 758 deducendo
2007 675 2341 779 benigni·-⁴

306 814 513 867 tatem
556 805 849 888 ,ex'ipsia
894 804 1190 890 ejusdem
1233 806 1526 870 caritatis
1568 802 1819 889 liquido
1865 803 2324 887 deprehende-'

299 927 482 995 tent,
525 919 680 1000 quia
720 938 851 982 una
896 929 965 980 et
1007 917 1241 982 eadem
1285 924 1373 982 alt
1402 912 1668 982 'unitate
1720 915 2112 997 substantia,
2158 917 2312 1000 quia

305 1029 438 1092 tria
481 1027 698 1093 divisa
754 1020 1193 1112 proprietate,
1258 1028 1354 1094 ibi
1395 1041 1697 1097 sanctam
1740 1031 2098 1094 trinitatem
2143 1029 2311 1093 divi-

302 1158 458 1206 nam
502 1140 1005 1222 perpenderunt.
1094 1124 1350 1224 Quippe
1396 1141 1574 1207 aliud
1621 1154 1725 1206 est
1767 1163 1917 1208 esse
1946 1151 2309 1224 potentem,

306 1249 490 1316 aliud
529 1253 931 1335 sapientem,
976 1250 1161 1318 aliud
1203 1274 1353 1318 esse
1395 1252 1774 1341 benignum.

1004 1531 1012 1537 .
1081 1467 1297 1552 Caput
1334 1466 1529 1535 XIII.

657 1582 949 1649 Quomodo
981 1583 1040 1638 iu
1071 1584 1323 1639 trinitate
1355 1597 1599 1656 persona
1638 1581 1963 1655 accipiatur.
2021 1654 2026 1662 -

482 1700 657 1779 Quia
695 1706 899 1792 igitur
939 1685 1104 1770 haec
1146 1704 1273 1768 tria
1298 1705 1697 1787 proprietate
1727 1702 1940 1767 divisa
1961 1721 2308 1785 personam

303 1817 515 1901 patris
561 1829 637 1881 et.
665 1838 1016 1901 personam
1079 1816 1205 1881 filii
1265 1829 1332 1881 et
1391 1836 1740 1899 personam
1783 1816 2049 1897 spiritus
2094 1815 2311 1879 sancti

301 1950 781 2012 saepenumero
815 1931 961 2014 jam
1005 1931 1331 2017 assignari
1374 1930 1659 1994 diximus
1674 1975 1695 2008 ,
1740 1908 1992 1993 idcirco¹
2025 1927 2309 2012 qualiter

306 2040 417 2106 hic
458 2065 744 2126 persona
815 2044 1066 2108 dicatur
1126 2042 1594 2108 declarandum
1655 2044 2126 2108 existimamus.
2214 2037 2310 2106 Ut

307 2176 468 2242 ergo
503 2158 716 2243 magis
759 2154 1033 2238 liqueat,
1081 2155 1256 2241 quod
1299 2166 1670 2220 monstrare
1713 2154 2131 2235 intendimuS,
2181 2151 2308 2218 dif-

288 2267 644 2334 'finitiones
715 2269 1014 2334 diversas
1083 2269 1442 2333 secuudum
1507 2269 1802 2332 diversa:
1882 2270 2305 2349 acceptiones

305 2402 648 2465 ponamuS.
735 2379 946 2447 Paulo
1003 2383 1224 2467 itaque
1268 2380 1471 2447 altius
1517 2379 1900 2446 ordiendum
1941 2381 2113 2445 ratio
2159 2403 2306 2464 per-

305 2494 563 2560 suadet.
651 2491 872 2560 Aliter
913 2471 1087 2559 enim
1131 2497 1445 2578 accipitur
1469 2516 1753 2579 persona
1783 2497 1851 2559 in
1881 2496 2306 2582 grammatica

308 2617 376 2670 et
419 2605 616 2671 aliter
672 2608 743 2670 in
804 2605 1177 2687 rhetorica,
1251 2607 1448 2672 aliter
1500 2611 1567 2672 in
1627 2607 2038 2686 hominibuS,
2109 2606 2307 2671 aliter

309 2744 569 2808 quoque
607 2725 676 2787 in
722 2724 946 2788 divina
991 2728 1305 2789 essentia.
1384 2724 1628 2791 ‘Omnis
1690 2723 2010 2808 siquidem
2052 2695 2310 2787 locutio

309 2839 438 2903 tria
483 2837 679 2901 debet
723 2835 1012 2919 habere,
1074 2860 1192 2921 per
1235 2837 1407 2922 quod
1451 2837 1605 2915 fiat,
1671 2837 1754 2900 ad
1801 2837 1974 2921 quod
2016 2835 2175 2914 fiat,
2221 2836 2305 2899 de

306 2977 433 3041 quo
477 2954 618 3020 fiat.
707 2952 841 3020 Per
885 2957 1058 3040 quod
1098 2953 1217 3018 fiat
1259 2976 1376 3036 per
1416 2952 1823 3038 loquentem,
1869 2950 1953 3015 ad
1983 2951 2155 3035 quod
2184 2948 2306 3014 fiat

304 3067 392 3132 ad
435 3067 847 3147 audientem,
913 3066 1023 3131 de'
1061 3089 1187 3152 quo
1242 3066 1359 3132 fiat
1402 3068 1486 3131 de
1531 3088 1611 3130 eo
1657 3066 1951 3144 scilicet,
2009 3062 2184 3128 unde
2227 3061 2307 3129 fit

303 3199 544 3245 sermo.
646 3178 870 3244 Prima
950 3200 1234 3262 persona
1311 3179 1545 3244 dicitur
1611 3178 1926 3263 quuenS,
2013 3175 2307 3241 secunda

304 3292 621 3370 audiena,
690 3291 924 3369 tertia,
985 3291 1066 3354 de
1113 3312 1239 3375 qua
1280 3289 1357 3354 fit
1398 3310 1651 3370 sermo,
1707 3292 1881 3368 inter
1922 3289 2304 3386 loquentem

304 3417 374 3470 et
417 3402 811 3468 audientem.
903 3402 1025 3466 Est
1089 3424 1249 3489 ergo
1306 3404 1377 3466 in
1441 3404 1866 3489 grammatica
1921 3402 2152 3466 eadem
2194 3423 2304 3467 rea

301 3518 513 3600 prima
556 3535 840 3599 persona
883 3525 951 3577 et
994 3516 1283 3580 secunda
1327 3526 1394 3592 et
1438 3517 1660 3594 tertia,
1706 3518 1858 3599 quia
1902 3516 2076 3580 idem
2107 3513 2307 3579 homo

303 3628 629 3713 loquitur,
694 3627 1084 3713 quandoque
1142 3629 1227 3692 ad
1286 3626 1526 3708 alium,
1593 3628 1984 3716 quandoque
2041 3629 2113 3693 in
2157 3648 2306 3691 eum

307 3740 608 3830 dirigitur
648 3739 935 3820 locutio,
1003 3739 1387 3825 quandoque
1446 3741 1528 3805 de
1585 3739 1666 3806 εὖ
1717 3739 1794 3804 fit
1833 3738 2105 3805 locutio.
2194 3739 2305 3804 Sic

304 3876 467 3943 ergo
512 3854 839 3921 diffinitur
880 3856 950 3919 iu
990 3856 1452 3942 grammatica:
1494 3876 1780 3937 persona
1822 3866 1948 3933 est,
1992 3873 2159 3940 quae
2202 3849 2306 3915 lo-

304 3968 561 4053 quitur,
621 3966 732 4033 vel
776 3967 859 4033 ad
903 3989 1094 4056 quem
1139 3966 1426 4056 loquitur
1468 3966 1679 4047 alius,
1726 3964 1836 4032 vel
1882 3967 1964 4032 de
2007 3985 2136 4050 quo
2178 3961 2304 4029 ali—

305 4079 455 4164 quia
514 4079 830 4166 quuitur.
937 4078 1015 4147 In
1073 4076 1405 4147 rhetorica
1482 4100 1638 4146 vero
1708 4078 1943 4146 dicitur
1997 4095 2308 4159 persona,
