2842 4800
299 591 794 659 subministrare
837 593 1249 659 conveniant.
1341 590 1627 677 Sanguis
1669 601 1888 675 antem
1914 612 2289 658 sacramen·

302 716 438 770 tum
482 709 744 789 spiritus
787 704 1171 785 Ecclesiae,
1227 705 1402 789 qnod
1457 726 1578 788 per
1613 703 2082 795 »septiformem
2140 727 2292 793 gra.-

303 822 465 885 tiam
510 842 656 885 eam
698 820 995 887 vivificat
1048 831 1116 883 et
1171 820 1238 882 in
1301 840 1383 882 ea
1441 829 1767 901 operatur.
1863 796 2049 882 Sient
2093 820 2291 899 enim,

297 945 373 996 nt
417 935 510 997 ait
551 932 981 1017 Augustinus,
1026 933 1243 995 anima
1284 932 1422 994 vita
1457 942 1559 994 est
1606 930 1922 1014 corporis,
1964 932 2060 995 ita
2103 930 2289 996 Deus

297 1046 435 1109 vita
481 1057 582 1109 est
625 1046 906 1109 animae.
977 1044 1062 1108 Et
1108 1043 1274 1106 bene
1316 1065 1437 1126 per
1474 1044 1862 1129 sanguinem
1891 1041 2293 1109 vivificatrix

295 1156 421 1221 illa
464 1158 679 1244 gratia
725 1155 1165 1243 significatur,
1212 1157 1363 1238 quia
1405 1154 1725 1239 majorem
1777 1156 1909 1219 vim
1952 1167 2020 1219 et
2062 1154 2292 1220 effica-

297 1271 470 1333 ciam
512 1269 712 1333 habet
755 1271 973 1334 anima
1013 1270 1082 1331 in
1125 1269 1486 1354 sanguine,
1530 1289 1723 1350 quam
1766 1269 1836 1331 in
1882 1266 2018 1334 alio
2066 1265 2289 1351 aliquo

296 1378 592 1447 humore.
680 1381 874 1448 Unde
934 1381 1251 1465 Moyses,
1318 1381 1579 1459 anima,
1634 1380 1881 1464 inquit,
1943 1380 2288 1463 cujuscun-
2359 1462 2362 1467 Ι

299 1517 428 1578 que
472 1496 686 1559 carnis
729 1496 801 1560 in
851 1496 1175 1581 sanguine
1223 1504 1351 1558 est.
1438 1491 1570 1559 llla
1623 1512 1785 1558 vero
1843 1493 2177 1576 perceptio
2222 1503 2292 1559 et
2330 1495 2334 1499 ’

296 1608 778 1690 incorporatio,
823 1628 990 1690 quae
1034 1618 1140 1671 est
1178 1607 1249 1670 in
1294 1605 1686 1670 assumendo
1719 1603 1889 1679 illud
1915 1625 2290 1671 sacramen-

296 1732 471 1800 tum,
518 1733 619 1785 est
659 1722 922 1784 unionis
967 1731 1035 1783 et
1074 1720 1665 1801 incorporationis,
1726 1738 1895 1802 quae
1939 1729 2044 1812 est
2085 1706 2291 1784 mem-'-

296 1830 564 1899 brorum
607 1834 692 1898 ad
751 1844 963 1916 caput.
1066 1829 1236 1897 Nam
1293 1830 1552 1915 quando
1609 1830 1847 1915 aliquis
1904 1814 2158 1896 accedit
2204 1832 2291 1897 ad

293 1946 462 2012 illud
523 1947 1016 2023 assumendum,
1084 1944 1408 2023 ostendit,
1475 1964 1550 2007 se
1608 1964 1743 2007 non
1807 1954 1960 2007 tunc
2023 1940 2292 2008 Christo

293 2061 471 2123 uniri
524 2059 644 2123 sed
677 2061 819 2143 jam
873 2056 1104 2141 perfici
1150 2068 1217 2122 et
1259 2054 1681 2121 dilectionem
1726 2056 1974 2120 unitam
2017 2076 2169 2119 esse
2216 2066 2286 2120 et

295 2175 369 2238 in
431 2173 738 2239 membris
801 2175 944 2257 ejus
1005 2173 1345 2237 transisse.
1439 2170 1549 2236 De
1608 2170 1732 2236 hac
1791 2190 1865 2235 re
1925 2169 2122 2255 hujus
2180 2191 2291 2236 sa·

295 2289 615 2354 crementi
660 2288 830 2351 dixit
884 2270 1207 2352 Dominus
1250 2296 1515 2350 noster:
1581 2280 1715 2359 Qui
1755 2283 2101 2355 manducat
2148 2305 2289 2351 car·

294 2423 445 2468 nem
485 2424 702 2469 meam
746 2414 813 2466 et
855 2400 1021 2466 bibit
1057 2402 1443 2488 sanguinem
1486 2421 1736 2480 meum,
1779 2401 1851 2464 in
1892 2420 1999 2463 me
2041 2411 2288 2466 manet.

297 2513 450 2581 Non
497 2516 579 2580 de
621 2526 1030 2580 sacramento
1075 2513 1285 2594 dixit,
1333 2515 1487 2598 quia
1523 2509 1714 2576 multi
1753 2512 1836 2576 de
1870 2532 2141 2595 corpore
2166 2533 2289 2578 suo

293 2639 484 2708 sunt,
543 2629 656 2711 qui
699 2625 826 2691 hoc
881 2638 1357 2693 sacramentum
1399 2647 1533 2691 non
1588 2627 1915 2709 accipiunt
1968 2638 2036 2690 et
2098 2624 2289 2691 multi

293 2741 656 2822 accipiunt,
701 2742 812 2824 qui
854 2740 999 2823 ejus
1041 2737 1333 2805 membra
1376 2758 1511 2802 non
1554 2747 1731 2802 sunt.
1805 2736 2081 2820 Accepit
2111 2739 2288 2806 enim

291 2853 498 2918 Judas
542 2851 668 2916 hoc
711 2864 1232 2931 sacramentum,
1276 2852 1450 2915 sicut
1490 2849 1762 2915 Petrus:
1823 2851 1945 2915 sed
1986 2871 2151 2915 unus
2199 2848 2287 2916 ad

292 2964 611 3043 salntem,
656 2963 828 3029 alter
868 2965 955 3028 ad
994 2975 1301 3030 mortem.
1383 2960 1608 3039 Quare
1649 2963 1864 3050 magis
1904 2964 1973 3027 in
2016 2983 2185 3045 pano
2218 2973 2289 3027 et

290 3080 446 3142 vino
489 3075 700 3142 voluit
742 3061 869 3143 boc
910 3089 1384 3142 sacramentum
1430 3077 1732 3157 tradere,
1795 3097 1990 3160 quam
2033 3077 2103 3140 in
2133 3072 2288 3144 aliis

286 3189 493 3284 pibis,
537 3188 715 3255 solet
758 3192 1007 3273 quaeri.
1094 3189 1227 3255 Sed
1283 3190 1702 3258 manifestum
1762 3202 1901 3269 est,
1959 3188 2287 3273 quodpa-

290 3304 397 3367 nis
442 3301 724 3367 validior
766 3314 869 3367 est
924 3303 1107 3370 cibus
1164 3302 1465 3369 omnibns
1524 3303 1677 3369 aliis
1732 3301 1897 3368 cibis
1956 3314 2024 3367 et
2077 3303 2288 3388 magi·

289 3426 634 3480 sustentat.
720 3412 913 3480 Unde
963 3437 1084 3481 nec
1123 3416 1325 3500 plena
1365 3418 1643 3483 refectio
1699 3437 1824 3482 noc
1867 3417 2056 3499 copia
2101 3437 2286 3480 men-

288 3541 406 3592 sae
447 3538 668 3609 potest
711 3548 864 3592 esse
906 3528 1054 3594 sine
1095 3550 1290 3611 pane.
1374 3528 1542 3595 Inde
1571 3538 1856 3612 'quoque
1909 3526 2286 3609 Prophetaz

288 3639 375 3706 Et
413 3640 642 3723 panis,
686 3642 941 3725 inquit,
982 3661 1098 3710 cor
1139 3640 1419 3713 hominis
1465 3640 1830 3707 confirmat.
1893 3639 2127 3707 Voluit
2156 3641 2287 3726 igi-

290 3766 398 3819 tur
441 3755 702 3820 tradere
747 3776 979 3839 corpus
1021 3778 1210 3821 suum
1241 3756 1311 3820 in
1336 3758 1562 3840 specie
1598 3757 1788 3839 panis
1826 3757 2047 3840 potius
2092 3775 2287 3840 quam

291 3869 564 3934 alterius
621 3868 785 3950 cibi,
840 3882 915 3936 ut
969 3884 1196 3955 aperte
1252 3872 1441 3936 daret
1497 3870 1827 3962 intelligi,
1886 3872 2058 3956 quod
2114 3871 2287 3934 sicut

228 4005 237 4024 ·
286 3979 471 4045 cibus
514 3982 644 4048 iste
686 3982 1031 4065 praevalet
1069 3983 1143 4049 in
1184 3986 1667 4050 sustentatione
1711 3985 1967 4067 corpori
2008 3981 2285 4047 admini-

290 4095 604 4177 strando,
671 4096 769 4163 sic
823 4108 1300 4168 sacramentum
1357 4098 1533 4168 istud
1589 4118 1747 4185 prae
1804 4098 2047 4164 ceteris
2101 4092 2289 4164 valet

1771 4214 1817 4280 6
1835 4209 1872 4249 O

2414 590 2442 635 Ι
