2842 4800
512 377 822 449 xxvm

404 656 415 663 κ
510 586 759 670 quam
793 573 1081 640 nostro
1132 573 1507 668 tempore
1540 585 1730 640 cum
1760 559 1848 641 in
1878 561 2052 644 aliis
2087 562 2511 644 literarum

396 789 417 815 ,
509 705 1031 816 regionibus,
1089 718 1268 825 tum
1311 706 1398 784 in
1458 706 1912 816 theologia,
1970 709 2346 818 inprimis
2423 710 2512 790 in

505 852 850 935 historia
893 852 1176 933 critica
1216 852 1440 933 Novi
1479 838 2002 934 Instrumenti
2027 915 2049 956 ,
2089 870 2510 964 receptam

511 1023 692 1077 esse
751 997 1158 1098 videmus3
1221 996 1407 1076 licet
1470 997 1687 1077 enim
1734 999 2079 1080 materia
2162 1027 2310 1082 ore
2386 1027 2513 1081 ac·

509 1156 748 1250 cepta
797 1169 953 1250 per
994 1143 1241 1222 alium
1289 1143 1577 1223 litteris
1633 1144 2015 1227 mandata
2058 1145 2190 1246 sit,
2251 1145 2513 1226 Abac-

511 1286 742 1369 lardo
786 1294 1078 1368 'tamen
1134 1288 1537 1398 originem
1602 1288 1865 1371 debet.

747 1437 876 1515 Ex
940 1434 1225 1515 eadem
1274 1445 1647 1522 ὕποθεσει
1710 1463 1807 1517 ea
1865 1437 2235 1544 denique,
2305 1463 2509 1545 quae

509 1607 763 1689 supra
801 1578 900 1660 de
934 1575 1363 1696 existentia
1398 1593 1480 1659 et
1519 1580 1754 1660 titulo
1791 1581 1975 1661 libri
2046 1580 2255 1662 dicta
2294 1597 2508 1679 sunt,

509 1724 883 1808 facillime
911 1723 1293 1834 componi
1311 1742 1677 1834 possunt.
1723 1730 2090 1835 Uterque
2129 1741 2209 1805 et
2230 1725 2509 1809 Abbas

513 1870 1183 1953 Claraevallensis
1244 1886 1325 1951 et
1371 1875 1773 1981 Magister
1847 1875 2134 1953 Petrus
2215 1899 2512 1951 verum

508 2017 861 2128 professi
938 2033 1152 2099 sunt.
1273 2019 1606 2133 Amicus
1680 2019 2006 2129 quidam
2091 2032 2171 2098 et
2250 2017 2514 2098 cultor

512 2163 953 2247 Abaelardi
1012 2165 1219 2244 libro
1283 2180 1568 2245 nostro
1629 2191 1679 2245 a
1737 2192 1825 2244 se
1910 2165 2360 2273 composito
2421 2165 2515 2245 ti-

510 2310 775 2391 tulum
834 2300 1604 2391 Sententiarum
1663 2311 2088 2420 imposuit,
2152 2336 2312 2421 quo
2346 2309 2514 2419 qui-

512 2457 704 2540 dem
760 2485 907 2558 suo
968 2458 1201 2540 titulo
1259 2457 1728 2536 Bernardus
1805 2457 2107 2536 librum
2167 2457 2517 2564 accepit.

434 2581 445 2588 ι
513 2604 1024 2690 Ahaelardus
1083 2619 1355 2684 autem
1439 2629 1697 2711 neque
1758 2599 2151 2712 ejusmodi
2213 2584 2514 2682 libru'm

512 2749 955 2859 scripserat
1000 2775 1260 2858 neque
1303 2745 1696 2856 ejusmodi
1722 2748 1952 2830 titulo
1983 2747 2511 2828 instruxerat.

752 2895 917 2978 Sed
972 2897 1383 2978 mittamus
1444 2892 1593 2974 has
1630 2893 1927 2976 aliasve
1959 2892 2517 3001 quaestiuncu-

515 3040 665 3144 las,
727 3070 932 3153 quae
993 3068 1159 3121 non
1216 3041 1368 3121 nisi
1431 3041 1816 3120 historica
1874 3041 2008 3119 via
2066 3037 2270 3118 solvi
2328 3064 2515 3145 pos-

516 3201 729 3270 sunt.
852 3186 944 3271 Si
994 3201 1267 3270 autem
1314 3188 1637 3270 Oudino
1669 3188 1744 3240 θ’)
1791 3185 2042 3266 fidem
2070 3182 2381 3266 habere
2432 3181 2520 3260 li·

514 3541 631 3618 21)
692 3533 770 3600 C.
828 3534 1168 3612 oudinus,
1228 3530 1596 3597 comment.
1656 3532 1739 3596 de
1797 3532 2019 3613 script.
2082 3527 2246 3593 eccl.
2315 3528 2517 3611 antiq.

685 3646 772 3712 T.
815 3645 907 3711 11.
952 3671 1018 3730 p.
1067 3651 1255 3712 1169.
1301 3649 1422 3712 70:
1485 3644 1662 3709 Inter
1716 3642 1889 3710 Mes.
1940 3641 2220 3708 Codices
2263 3638 2519 3705 Biblio-

687 3758 923 3825 thecae
967 3757 1378 3825 Bodleianae
1426 3756 1673 3823 Codice
1746 3760 1911 3822 8615
1982 3758 2051 3819 in
2117 3753 2518 3820 adversariis

687 3871 1066 3960 Langbaini
1114 3863 1293 3937 cod.
1339 3877 1402 3937 2.
1449 3868 1535 3936 N.
1579 3875 1621 3934 6
1686 3870 1763 3934 P.
1815 3863 2176 3933 Abaelardi
2236 3867 2521 3932 Intro-

688 3985 1133 4051 ductionis*
1164 3983 1248 4049 ad
1291 3982 1538 4052 Theol.
1581 3980 1771 4047 Libri
1816 3980 2061 4045 tertii
2104 3978 2515 4063 supplemen-

689 4110 824 4164 tum
867 4118 935 4183 p.
981 4103 1128 4165 148.
1219 4096 1306 4162 Et
1347 4093 1575 4181 paullo
1620 4106 1804 4179 post:
1864 4092 2046 4161 Inter
2088 4092 2260 4159 Mss.
2308 4089 2520 4156 Codd.
