2842 4800
2101 420 2106 423 .
2185 357 2353 433 103

353 549 527 611 quae
567 524 945 608 libidinem,
1002 527 1330 592 sobrietas
1377 550 1544 613 quae
1585 526 1945 613 ingluviem
1988 521 2349 590 refraenat.
2449 520 2459 542 ¹

352 639 529 704 Istae
599 641 874 705 virtutes
935 643 1009 704 in
1062 644 1395 726 prosperis
1458 642 1910 719 necessariae.
2006 614 2350 703 Fortitudo

352 737 512 816 vero
554 756 852 836 potentia
910 766 1051 834 est,
1120 774 1285 839 quae
1341 753 1559 820 reddit
1614 754 1898 818 animum
1942 760 2351 839 constantem

351 876 581 932 eontra
624 866 927 933 adversa.

1061 1130 1274 1217 Caput
1296 1128 1647 1227 XXXIII.

687 1272 776 1328 De
810 1272 985 1339 vitiis,
1037 1287 1181 1344 quae
1213 1240 1510 1326 virtutibus
1547 1271 1828 1325 contraria
1871 1274 2021 1327 sunt.

519 1421 708 1490 Nune
768 1423 850 1487 de
912 1422 1131 1501 vitiis,
1175 1442 1362 1504 ‚quae
1420 1421 1569 1484 istis
1624 1408 1977 1485 virtutibus
2022 1421 2353 1485 contraria

350 1546 502 1605 sunt
560 1536 784 1599 itidem
846 1534 1271 1598 disseramus.
1373 1531 1823 1617 Unaquaeque
1881 1535 2090 1601 virtus
2151 1530 2354 1601 habet

350 1649 583 1731 vitium
625 1643 756 1709 sibi
799 1648 1233 1725 eontrarium,
1274 1656 1347 1709 ut
1381 1645 1684 1728 justitiae
1730 1647 2063 1710 contraria
2105 1656 2209 1710 est
2250 1647 2352 1710 in-

343 1759 651 1843 justitia,
715 1758 1185 1840 temperantiae
1226 1758 1765 1838 intemperantia,
1822 1756 2194 1823 fortitudini
2238 1757 2352 1827 tle-.-

349 1869 618 1950 bilitas,
663 1872 971 1955 qnoniam
1015 1868 1189 1932 bono
1235 1890 1318 1933 ex
1364 1871 1760 1933 necessitate
1803 1868 2046 1937 malum
2090 1881 2351 1935 contra-

320 1988 518 2051 .rium
561 1997 687 2064 est,
736 1986 908 2069 quia,
953 1984 1012 2047 si
1056 1982 1305 2067 aliquid
1346 1981 1591 2047 bonum
1621 1994 1747 2062 est,
1794 1987 2172 2051 necessario
2205 1986 2354 2069 eJ‘us

353 2099 754 2165 eontrarium
794 2095 1038 2161 malum
1081 2108 1223 2174 est,
1290 2096 1407 2160 sed
1453 2114 1586 2160 uon
1629 2098 2064 2172 convertitur3
2131 2107 2355 2182 potest

352 2190 541 2275 enirnz
582 2210 762 2291 malo
819 2207 1063 2273 malum
1121 2210 1517 2275 eontrarium
1575 2212 1756 2275 esse.
1853 2207 2190 2294 Injustitia
2246 2220 2353 2274 est

348 2325 580 2388 vitium
621 2323 845 2402 animi,
893 2343 1020 2407 quo
1064 2343 1194 2387 non
1225 2321 1518 2386 redditur
1556 2322 1905 2406 uuicuique
1952 2321 2124 2407 quod
2164 2341 2353 2389 suum

352 2449 457 2502 est
499 2451 567 2502 et
610 2438 781 2521 quod
824 2415 1122 2501 debetur.
1207 2435 1330 2500 Est
1371 2436 1573 2522 igitur
1617 2433 1770 2500 talis
1812 2433 1992 2500 mala
2037 2434 2348 2501 voluntas

348 2551 683 2635 injustitia
724 2551 893 2614 sieut
945 2547 1121 2614 bona
1159 2553 1278 2613 'est
1315 2550 1600 2633 justitia.
1688 2548 2205 2631 Intemperantia
2246 2559 2353 2622 est

348 2663 738 2746 impotentia
779 2663 1133 2734 resistendi
1175 2661 1461 2728 motibus
1507 2661 1785 2741 illicitis,
1826 2675 1902 2727 ut
1940 2662 2205 2729 luxuria
2245 2673 2354 2728 est

347 2778 677 2841 contraria
723 2778 1054 2854 castitati,
1115 2773 1439 2861 gulositas
1495 2774 1866 2841 sobrietati.
1950 2776 2351 2844 fortitudini

120 2881 127 2887 ⁴
240 2909 247 2914 ·
351 2910 516 2954 vero
563 2889 871 2956 debilitas
937 2890 1178 2955 mentis
1243 2899 1346 2952 est
1411 2891 1743 2954 contraria
1806 2901 1875 2953 et
1931 2891 2103 2955 sieut
2162 2905 2350 2975 prae-3

347 3005 592 3070 dietum
636 3017 740 3068 est
780 3003 1099 3070 fortitudo
1143 3005 1211 3066 in
1258 3003 1596 3084 adversis,
1622 3007 2055 3087 temperantia
2089 3005 2158 3070 in
2197 3028 2350 3092 pro-

344 3119 557 3200 speris
630 3117 1009 3181 necessaria
1065 3126 1189 3179 est.
1277 3112 1456 3181 Nota
1518 3135 1718 3196 vero,
1782 3114 2163 3202 hujusmodi
2229 3141 2347 3202 po·

349 3232 592 3295 tentiae
637 3251 768 3294 non
810 3227 969 3293 illas
1036 3225 1415 3305 naturales,
1486 3249 1652 3311 quae
1713 3241 1867 3302 actu
1920 3252 2053 3296 non
2108 3231 2351 3298 adsunt

344 3342 463 3408 vel
503 3353 682 3406 certe
727 3344 789 3407 si
831 3340 1074 3406 adsunt
1116 3340 1315 3404 facile
1361 3338 1643 3410 mobiles
1689 3355 1878 3423 sunt,
1939 3344 2060 3409 sed
2126 3347 2347 3428 potius

345 3478 516 3542 quae
561 3454 917 3521 seeundum
958 3454 1159 3518 animi
1222 3450 1728 3538 applicationem
1779 3457 2042 3536 insunt,
2104 3468 2177 3520 ut
2216 3458 2348 3522 iste

346 3566 586 3633 dieitur
630 3585 892 3647 cursor,
937 3586 1070 3631 non
1113 3565 1285 3650 quod
1325 3564 1516 3631 illam
1556 3568 1913 3649 potentiam
1957 3563 2349 3635 naturaliter

347 3678 596 3747 habeat
653 3683 772 3749 sed
831 3683 987 3768 quia
1046 3700 1123 3746 se
1170 3680 1270 3745 -ad
1313 3678 1441 3745 hoo
1483 3682 1829 3764 disposuit.
1916 3680 2118 3749 Multi
2159 3705 2345 3751 nam-

350 3813 478 3877 que
517 3792 881 3859 infidelium
924 3793 1046 3859 has
1086 3791 1427 3858 naturales
1487 3794 1816 3876 potentias
1880 3793 2163 3874 habent,
2230 3799 2348 3883 qui

347 3917 569 3968 tamen
609 3905 960 3970 virtutibus
1007 3915 1272 3983 carent,
1320 3905 1554 3989 quippe
1597 3907 1682 3971 ad
1719 3909 1892 3973 istas
1937 3929 2072 3974 non
2116 3931 2200 3974 ex
2243 3910 2342 3974 di-

344 4014 634 4083 leetione
690 4016 1122 4102 &PPlissflnttm
1176 4016 1450 4102 ‚Omnis
1499 4018 1678 4087 enim
1731 4022 1982 4102 virtus,
2041 4034 2114 4089 ut
2158 3991 2348 4098 'dixi-2
