2842 4800
452 336 473 359 ἡ

517 426 539 443 Γ

475 427 544 494 λ

477 605 770 694 eodiois
792 576 1053 687 nostri
1076 622 1243 686 non
1266 606 1367 688 ad
1389 607 1736 686 verbum
1763 633 2185 717 expressa,
2209 638 2483 720 quem-

477 753 917 836 admodum
970 755 1023 835 ii
1072 756 1372 864 opinati
1438 770 1624 835 sunt
1696 757 1827 866 qui
1883 756 2146 839 obiter
2197 757 2349 838 hos
2396 758 2486 838 li-

477 901 676 1017 bros
731 906 1180 1013 inspexisse
1232 901 1615 984 videntur
1633 963 1657 1006 ‚
1717 906 2088 1014 reperias
2107 968 2128 1009 ,
2209 934 2482 1018 quam-

476 1062 732 1163 'quam
754 1052 1001 1131 vario
1018 1050 1273 1131 modo
1299 1049 1517 1130 inter
1543 1077 1629 1130 se
1661 1024 2176 1133 conveniant.
2243 1051 2482 1157 Quae

472 1211 917 1305 praeterea
954 1198 1042 1278 in
1078 1188 1696 1279 introductione
1732 1186 2052 1299 adsunt,
2098 1226 2265 1279 non
2317 1228 2485 1280 am-

477 1343 688 1451 plius
727 1357 1106 1425 accurate
1158 1342 1301 1424 sed
1362 1343 1608 1423 modo
1657 1344 2125 1451 summatim
2148 1403 2173 1447 ,
2231 1344 2346 1425 ita
2391 1362 2482 1427 ut

481 1502 565 1569 et
595 1489 850 1572 v'erba
880 1504 961 1569 et
1005 1489 1182 1599 ipsa
1230 1489 1830 1601 argumentatio
1871 1518 2222 1598 prorsus
2249 1488 2484 1571 'diffe-

479 1649 696 1738 rant,
722 1636 1000 1725 „relata
1054 1630 1263 1715 suntss
1376 1636 1645 1717 Filum
1681 1635 2069 1721 orationis
2109 1636 2194 1715 in
2227 1636 2485 1717 lutro-

478 1779 697 1862 duet.
751 1765 1033 1860 L.'111.
1090 1807 1158 1859 e.
1224 1798 1268 1861 7
1298 1835 1322 1878 ,
1391 1778 1658 1858 media
1720 1780 1807 1858 in
1874 1806 1968 1858 re
2045 1778 2483 1890 abruptum

484 1896 669 2008 esse
749 1939 1088 2007 constat.
1211 1924 1516 2006 Noster
1576 1939 1851 2004 autem
1907 1923 2190 2005 'codex
2235 1941 2486 2008 mate·

476 2057 694 2159 riam
740 2100 791 2153 a
822 2073 1077 2156 Petro
1127 2074 1212 2155 in
1246 2073 1854 2155 Introductione
1902 2086 2337 2155 tractatam
2372 2075 2486 2153 ul-

476 2218 751 2300 terius·
779 2210 1339 2330 persequendo
1383 2217 1569 2299 o'um
1610 2247 1733 2319 ea,
1774 2247 1982 2330 quae
2016 2220 2117 2299 de
2155 2221 2488 2301 attribu-

477 2363 584 2445 tis
613 2365 767 2447 Dei
801 2364 886 2444 in
915 2362 1518 2448 Introductione
1550 2365 2158 2468 desiderantum
2186 2363 2482 2475 adjicit,

479 2525 661 2593 tum
694 2513 891 2594 alias
925 2540 1247 2622 quoque
1285 2507 1785 2621 dogmaticas
1823 2513 2335 2622 quaestiones
2371 2527 2487 2594 at-

477 2659 744 2770 tingit.

715 2805 943 2888 Haee
974 2808 1061 2885 in
1097 2806 1571 2886 universum
1612 2802 1713 2881 de
1744 2815 2228 2912 argumento
2274 2802 2485 2881 eodi-

470 2951 598 3031 eis
636 2953 896 3032 nostri
956 2948 1287 3062 ejusque
1345 2949 1740 3033 relatione
1799 2949 1901 3032 ad
1956 2948 2487 3030 Introductio-

478 3122 675 3178 nem
719 3098 1102 3206 Magistri
1146 3096 1392 3178 Petri.

676 3228 901 3324 ⁸Jam
943 3258 1257 3342 autem,
1317 3256 1404 3321 ut
1433 3239 1894 3340 videamus,
1940 3247 2104 3348 quo
2137 3235 2316 3346 jure
2356 3237 2486 3319 hio

484 3386 698 3469 liber
727 3388 1189 3469 Abaelardo
1220 3386 1621 3468 vindicari
1660 3383 1944 3494 possit,
1981 3398 2171 3463 ante
2216 3382 2489 3462 omnia

486 3533 849 3642 quaestio
902 3533 1440 3644 proponenda
1472 3559 1650 3614 esse
1682 3531 2031 3628 videtur,
2069 3556 2264 3608 num
2300 3528 2485 3606 libri

489 3676 908 3790 cujusdam
999 3680 1723 3784 ‚5Sententiarum“
1815 3676 2272 3759 Abaelardo
2356 3672 2490 3753 ad-

488 3825 770 3935 scripti
803 3821 1624 3938 vestigia'Abaelardi
1668 3840 2040 3931 tempore
2089 3823 2224 3904 vel
2273 3822 2488 3930 apud

492 3997 678 4050 eum
739 3976 868 4054 vel
929 3975 1147 4084 apud
1196 3933 1453 4082 ssalium
1511 3974 1827 4069 virum„
1891 3964 2061 4072 ejus
2112 3982 2484 4076 tempore

489 4116 944 4225 viventem,
1002 4121 1367 4236 indagari
1407 4121 1772 4232 possint?
1825 4126 2090 4230 Atque
2137 4116 2254 4198 ita
2300 4141 2486 4224 pro-
