2842 4800
2155 411 2266 486 85

270 576 601 666 errorem,
656 588 774 652 ned
817 584 900 652 ad
953 592 1347 654 sacramenti
1407 589 2058 653 commendationem.
2122 583 2262 652 Sed

271 721 421 764 cum
464 701 545 763 de
587 700 913 766 fractione
961 699 1120 781 illa,
1181 723 1349 787 quae
1393 701 1469 765 fit
1510 704 1580 766 in
1622 700 1858 779 altari,
1914 698 2116 764 facile
2169 701 2262 763 sit

271 812 679 893 responderi,
726 813 808 877 de
846 814 991 892 illa,
1037 834 1229 896 quam
1265 812 1567 879 Christus
1608 814 1771 878 fecit
1802 815 1871 875 in
1901 832 2132 890 coena,
2176 807 2263 873 de

273 945 404 1007 qua
472 924 945 1011 Evangelista:
1016 925 1216 1013 fregit
1288 938 1358 991 et
1422 926 1623 991 dabat
1686 926 2027 1007 discipulis
2096 923 2261 1000 suis,

271 1059 477 1123 grave
520 1039 776 1104 videtur
817 1037 1203 1121 absolvere,
1257 1062 1340 1104 an
1383 1039 1643 1105 scilicet
1684 1042 1755 1103 in
1796 1040 2076 1104 veritate
2120 1055 2265 1098 cor·

272 1171 393 1233 pus
439 1171 627 1216 suum
682 1151 955 1238 fregerit
990 1164 1080 1216 et
1133 1174 1253 1236 per
1303 1163 1527 1236 partes
1585 1151 1867 1216 divisum
1923 1145 2265 1232 discipuli·

273 1265 413 1329 uuis
457 1264 817 1329 tradiderit.
906 1265 1011 1331 Ad
1053 1266 1226 1350 quod
1271 1266 1570 1350 equidem
1605 1265 2130 1352 respondendum
2161 1263 2264 1328 vi-

272 1377 500 1457 detur,
545 1378 718 1461 quod
779 1390 984 1443 totum
1027 1382 1347 1465 integrum
1405 1390 1473 1442 et
1513 1379 1911 1462 perfectum,
1969 1378 2139 1441 sicut
2177 1374 2262 1441 de

276 1485 557 1575 Virgine
600 1489 922 1570 traduxit,
977 1492 1075 1557 ita
1131 1493 1483 1575 unicuique
1539 1475 2004 1574 discipulorum
2056 1501 2265 1555 toturn

276 1616 344 1668 et
385 1607 706 1690 integrum
754 1606 1040 1672 tradidit.
1126 1605 1241 1671 Sic
1285 1610 1482 1672 etiam
1523 1611 1594 1673 in
1633 1606 1828 1672 altari
1856 1605 1940 1670 ab
1966 1626 2263 1689 unoquo-

277 1741 406 1803 que
445 1718 741 1784 fidelium
781 1716 1113 1804 recipitur.
1203 1717 1397 1796 Quod
1456 1733 1675 1786 autem
1730 1721 1902 1785 dixit
1960 1720 2265 1803 Evange-

275 1836 476 1904 lista:
535 1837 736 1923 fregit
787 1851 853 1903 et
895 1839 1076 1903 dedit
1118 1838 1457 1921 discipulis
1502 1841 1677 1920 suis,
1735 1840 1832 1902 sic
1873 1858 2036 1903 sane
2064 1834 2270 1901 intel·

273 1950 612 2038 ligendum
657 1951 901 2036 liquet,
945 1952 1181 2039 fregit,
1222 1953 1292 2017 id
1337 1962 1467 2030 est,
1505 1950 1854 2031 revelavit,
1906 1962 1973 2015 et
2014 1950 2270 2033 aperuit

277 2065 655 2148 discipulis,
718 2066 870 2149 quid
912 2065 1041 2130 hoc
1068 2066 1563 2131 sacramentum
1605 2065 2046 2151 significaret,
2092 2061 2268 2147 quod

277 2177 590 2245 videlicet
632 2198 864 2262 corpus
907 2177 1291 2296 ecelesiam,
1338 2179 1512 2263 quod
1555 2179 1821 2263 sanguis
1861 2175 2267 2241 hilaritatem

276 2290 466 2357 illam
522 2313 714 2376 quam
773 2291 1059 2357 ecclesia
1115 2290 1198 2356 de
1244 2294 1346 2357 sui
1393 2280 1798 2357 redemtione
1845 2289 2048 2357 habet
2098 2290 2268 2377 figu-

277 2415 478 2471 raret.
556 2404 750 2470 Unde
806 2408 918 2495 qui
966 2405 1092 2472 hoc
1145 2408 1457 2492 ignorant
1507 2427 1640 2471 non
1686 2404 1993 2484 fractum,
2035 2406 2105 2469 id
2138 2415 2265 2484 est,

281 2539 413 2583 non
475 2517 839 2584 revelatum
905 2518 1261 2583 secundum
1320 2518 1426 2582 sui
1486 2516 2039 2603 significationem
2095 2507 2266 2582 acci·

277 2632 483 2716 piunt.
569 2627 762 2705 Quod
807 2641 1025 2694 autem
1062 2630 1159 2693 sic
1203 2649 1363 2694 sane
1408 2640 1476 2692 et
1521 2632 1986 2694 convenienter
2022 2630 2268 2711 exponi

276 2744 526 2826 possit,
568 2741 941 2806 Hieremias
978 2742 1298 2806 ostendit:
1344 2741 1610 2807 Parvuli
1655 2723 1983 2825 petierunt
2025 2762 2267 2828 panem

281 2865 346 2919 et
389 2875 519 2918 non
569 2863 748 2934 erat,
796 2854 904 2939 qui
947 2853 1284 2939 frangeret
1326 2855 1450 2917 εἰς.
1532 2854 1736 2920 Panis
1777 2856 1906 2918 iste
1949 2855 2270 2937 scriptura

208 2969 211 2972 ’
278 2976 420 3045 est,
466 2988 655 3048 quem
696 2987 972 3048 panem,
1013 2964 1083 3030 id
1127 2975 1267 3042 est,
1337 2985 1529 3047 quam
1559 2966 1955 3048 scripturam
2005 2965 2268 3049 parvuli

275 3067 517 3145 infirmi
578 3090 733 3142 ante
796 3081 1147 3144 adventum
1206 3075 1455 3142 Christi
1512 3076 1640 3142 sibi
1694 3078 1948 3165 frangi,
2012 3080 2082 3144 id
2139 3090 2267 3161 est,

279 3195 515 3276 aperiri
558 3204 625 3256 et
668 3193 910 3276 exponi
951 3188 1267 3273 petebant
1325 3202 1393 3255 et
1450 3211 1584 3256 non
1624 3203 1805 3270 erat,
1864 3193 1974 3276 qui
2004 3191 2268 3280 frange-

280 3317 382 3374 ret
438 3307 576 3385 εἰει,
644 3303 854 3368 donec
917 3305 1174 3367 veniret
1238 3300 1579 3383 Christus,
1649 3305 1757 3386 qui
1820 3304 2108 3385 aperiret
2167 3308 2269 3371 eis

281 3403 662 3500 scripturas.
748 3412 939 3480 Unde
997 3414 1288 3480 loannes
1346 3415 1416 3478 in
1474 3415 1895 3499 apocalypsi:
1959 3425 2029 3479 et
2074 3436 2271 3483 nemo

256 3541 537 3613 .poterat
579 3529 835 3613 aperire
885 3526 1122 3592 librum
1167 3539 1236 3592 et
1283 3525 1546 3592 solvere
1584 3526 1926 3615 signacula
1963 3529 2111 3613 ejus
2140 3541 2270 3595 etc.

278 3640 363 3707 Et
403 3640 573 3705 bene
615 3642 849 3706 dicitur
885 3643 1205 3725 scriptura
1251 3642 1479 3723 panis,
1524 3641 1677 3724 quia
1721 3662 1803 3704 ea
1842 3652 1916 3704 ut
1959 3641 2104 3706 cibo
2135 3644 2269 3727 spi·

276 3751 457 3819 ritali
497 3756 771 3818 interior
811 3753 1048 3833 homo,
1099 3754 1268 3818 sicut
1311 3766 1379 3818 et
1424 3750 1749 3836 corporali
1792 3755 2118 3835 exterior,
2160 3775 2270 3819 re-

277 3867 495 3935 ficitur
535 3880 603 3934 et
645 3879 1071 3934 sustentatur.
1149 3864 1339 3943 Quae
1384 3866 1789 3953 frangenda,
1843 3868 1913 3932 id
1948 3880 2088 3948 est,
2148 3888 2271 3934 ex·

274 3981 579 4064 ponenda
619 3993 765 4060 est,
809 3983 999 4066 quia,
1041 3980 1211 4046 sicut
1248 3979 1394 4045 duri
1426 3981 1616 4063 panis
1655 3989 1877 4049 crusta
1903 3980 2270 4066 frangenda

276 4104 468 4173 nunt,
508 4105 583 4183 ut
622 4092 707 4162 ed
748 4092 1102 4164 medullam
1144 4106 1213 4160 et
1255 4093 1518 4176 micam,
1559 4113 1727 4181 quae
1766 4094 1942 4161 intus
1982 4105 2110 4176 eut,
2151 4114 2267 4164 ve·
2347 4172 2352 4178 ,
