2842 4800
502 605 839 692 praecepit
880 616 949 670 et
989 605 1156 672 dixit
1200 604 1363 670 mihi
1407 617 1668 675 creator
1723 609 2010 674 omnium
2053 621 2121 675 et
2163 614 2277 696 qui
2319 632 2500 680 crea·

502 718 599 785 vit
655 738 793 792 mes
816 720 1143 803 requievit
1192 718 1262 783 in
1325 718 1754 785 tabernaculo
1796 738 1945 786 meo
1990 734 2058 788 et
2097 723 2270 790 dixit
2310 724 2501 807 mihi,

499 834 572 899 in
597 831 803 899 Jacob
845 830 1144 897 inhabita
1187 841 1257 896 et
1299 833 1368 896 in
1390 829 1605 899 Israel
1646 830 2070 900 haereditare
2113 846 2186 900 et
2225 838 2298 902 in
2325 838 2500 904 elec-

496 950 586 1013 tis
628 946 795 1013 meis
837 964 929 1013 m.
973 966 1029 1010 r.
1112 944 1194 1010 In
1252 945 1485 1009 eodem
1542 966 1799 1035 quoque
1861 944 2035 1013 libro
2080 952 2497 1032 apertissime

496 1059 955 1126 remissionem
993 1067 1414 1141 peccatorum
1478 1059 1842 1124 consistere
1897 1063 2353 1129 incarnatione
2398 1064 2497 1130 di-

493 1177 695 1240 vinae
711 1175 1103 1258 sapientiae,
1131 1188 1299 1255 quae
1316 1170 1621 1237 Christus
1648 1184 1773 1252 est,
1799 1173 2206 1263 prophetaffl
2238 1177 2498 1244 dicens:

493 1280 716 1353 David
759 1298 1032 1371 peccata
1071 1304 1188 1369 per
1226 1282 1560 1351 Christum
1597 1298 1875 1373 purgata
1916 1308 2090 1353 esse.
2176 1287 2280 1353 Ibi
2323 1291 2526 1381 enim‘

494 1416 640 1464 cnm
684 1400 766 1464 de
807 1397 1007 1466 laude
1052 1397 1275 1463 David
1318 1395 1513 1480 plura
1553 1397 1952 1480 dicerentur,
1997 1420 2251 1467 summa
2293 1404 2496 1468 totins

419 1540 423 1547 ·
491 1511 712 1579 laudis
752 1514 823 1578 in
860 1512 990 1579 hoc
1031 1534 1163 1579 uno
1210 1513 1495 1578 collecta
1538 1525 1664 1594 est,
1712 1492 1883 1597 quod
1927 1513 2257 1593 subditur:
2305 1515 2496 1582 Chri·
2615 1588 2619 1592 ,

490 1640 635 1694 stus
675 1628 984 1715 purgavit
1026 1638 1301 1711 peccata
1343 1628 1551 1710 ipsius
1597 1638 1668 1692 et
1704 1628 2025 1696 exaltavit
2059 1632 2127 1695 in
2155 1611 2493 1697 aeternum

490 1762 695 1807 cornu
734 1740 940 1824 ipsius
986 1750 1054 1804 et
1097 1739 1279 1804 dedit
1335 1737 1439 1803 illi
1504 1750 1967 1806 testamentum
2008 1764 2235 1830 regum
2277 1755 2347 1808 et
2387 1736 2504 1809 se?

489 1854 638 1921 dem
676 1852 934 1943 gloriae
976 1854 1047 1917 in
1090 1850 1324 1917 Israel.
1415 1850 1722 1919 Micheas
1783 1876 2038 1939 quoque
2083 1856 2165 1920 de
2210 1854 2333 1921 hac
2377 1878 2491 1922 ae-

488 1979 678 2034 terna
718 1970 1148 2056 generatione
1206 1964 1393 2031 verbi
1455 1988 1540 2033 ex
1593 1979 1782 2050 patre
1844 1969 2038 2034 simul
2084 1981 2150 2034 et
2196 1970 2278 2034 de
2322 1981 2488 2036 tem-

482 2079 701 2167 porali
747 2103 836 2148 ex
876 2091 1087 2146 matre
1133 2082 1258 2168 ait:
1303 2080 1388 2144 Et
1434 2092 1504 2145 tu
1539 2078 1937 2146 Bethlehem
1959 2082 2215 2148 Effrata
2241 2102 2488 2169 nequa-

488 2215 683 2279 qnam
720 2213 924 2277 parva
968 2214 1042 2258 es
1098 2193 1168 2257 in
1223 2192 1518 2258 millibus
1560 2193 1765 2269 Juda3
1834 2215 1924 2259 ex
1966 2206 2033 2259 te
2078 2198 2255 2262 enim
2298 2218 2487 2284 egre·

448 2298 701 2375 ¹dictur
740 2307 939 2389 mihi,
987 2310 1097 2393 qni
1138 2311 1226 2373 sit
1268 2309 1642 2374 dominator
1675 2312 1751 2375 in
1794 2308 2034 2390 Israel,
2079 2322 2146 2373 et
2173 2328 2486 2394 egressus

486 2421 633 2508 ejus
676 2421 760 2488 ab
797 2423 987 2487 initio
1035 2445 1077 2488 a
1117 2422 1348 2488 diebus
1393 2424 1706 2489 aeternis.
1795 2422 2043 2489 Dicant
2084 2421 2375 2487 rebelles
2419 2433 2487 2487 et

485 2533 809 2601 increduli
835 2535 1096 2616 Iudaei,
1142 2535 1223 2601 de
1269 2557 1396 2619 quo
1443 2538 1778 2601 nascituro
1818 2537 1888 2601 in
1914 2534 2312 2603 Bethlehem
2356 2535 2487 2602 hoc

484 2649 723 2713 dictum
769 2651 881 2729 sit,
930 2649 1100 2732 quod
1144 2648 1459 2715 videlicet
1499 2669 1810 2737 egressus
1856 2653 2003 2734 ejus
2047 2647 2130 2714 ab
2174 2648 2367 2714 initio
2396 2652 2486 2715 sit

480 2782 524 2828 a
567 2761 798 2827 diebus
854 2764 1297 2828 aeternitatis.
1383 2762 1745 2829 Aeternum
1804 2765 2038 2845 quippe
2100 2773 2239 2842 est,
2308 2760 2483 2845 quod

483 2875 740 2961 origine
804 2886 1009 2940 caret.
1102 2871 1294 2950 Quod
1360 2877 1419 2939 si
1481 2874 1611 2941 hoc
1666 2876 1962 2962 referant
2003 2875 2089 2941 ad
2131 2867 2480 2954 Messiam,

480 2986 671 3053 illum
711 2987 972 3053 scilicet
1013 2990 1366 3053 maximum
1406 2988 1832 3072 prophetam,
1890 3000 1964 3054 ut
2004 2991 2227 3073 ajunt,
2285 3007 2480 3070 quem

481 3112 905 3185 exspectant,
967 3102 1076 3184 qui
1141 3111 1391 3168 tantum
1451 3103 1810 3167 secundum
1875 3122 1992 3174 eos
2032 3121 2231 3184 purus
2280 3098 2479 3164 homo
2607 3155 2618 3166 ,

477 3216 629 3294 erit,
682 3236 816 3279 non
861 3217 1061 3279 etiam
1103 3213 1313 3293 Deus,
1363 3195 1739 3294 ostendant,
1783 3216 1928 3299 quis
1973 3232 2283 3301 egressus
2327 3213 2478 3297 ejus

476 3338 789 3392 aeternus
852 3330 941 3390 sit
1000 3326 1109 3391 vel
1164 3326 1337 3392 unde
1393 3323 1825 3393 aeternaliter
1905 3327 2301 3414 egrediatur.
2404 3322 2480 3388 Si

475 3450 697 3507 autem
742 3438 965 3505 dicant
1009 3461 1159 3506 enm
1204 3439 1638 3505 aeternaliter
1682 3440 1906 3528 egredi
1950 3460 2038 3504 ex
2079 3436 2478 3504 Bethlehem

472 3571 581 3631 eo,
627 3551 803 3636 quod
850 3553 999 3636 ejus
1043 3553 1356 3619 nativitas
1395 3554 1468 3617 in
1511 3573 1593 3618 eo
1632 3553 1784 3619 loco
1828 3552 2049 3617 futura
2087 3535 2173 3614 ab
2199 3565 2475 3615 aeterno

466 3665 740 3749 provisa
781 3666 871 3728 sit
913 3663 1131 3730 aDeo
1175 3678 1244 3729 et
1284 3665 1805 3749 praedestinata,
1841 3657 1971 3726 hoc
2011 3662 2208 3727 modo
2253 3664 2475 3747 cujus·

463 3773 634 3841 libet
675 3775 964 3843 hominis
1004 3778 1120 3844 vel
1166 3755 1527 3865 cujuslibet
1559 3780 1666 3844 rei
1710 3774 2023 3842 nativitas
2048 3784 2152 3839 est
2173 3786 2474 3856 aeterna,

465 3888 623 3972 quia
682 3886 770 3953 ab
836 3899 1110 3954 aeterno
1168 3893 1462 3974 provisa.
1547 3884 1798 3954 Dicant
1852 3888 2076 3972 itaque
2132 3900 2472 3954 aeternam

461 4003 965 4090 generationem
992 4017 1173 4087 esse,
1205 4017 1398 4091 quam
1416 4013 1485 4067 et
1511 4005 1818 4087 scriptam
1836 4001 2067 4091 legunt
2090 4015 2158 4067 et
2181 4000 2467 4089 legendo

312 4145 336 4170 2⁶
456 4113 897 4200 profiteantur
972 4130 1039 4184 et
1111 4112 1495 4196 profitentes
1564 4135 1697 4183 non
1765 4114 2061 4220 credunt.
2169 4113 2469 4199 Respo-12
