2842 4800
503 385 667 477 104

500 575 690 633 mus,
735 551 844 619 vel
891 553 1133 618 caritas
1176 564 1323 634 est,
1378 565 1450 618 ut
1493 573 1574 619 ea
1617 572 1785 636 quae
1827 550 2133 616 voluntas
2176 560 2319 628 est,
2377 544 2493 612 vel

505 689 595 732 ex
653 668 961 747 caritate,
1031 677 1104 730 ut
1159 669 1454 749 potentia
1509 666 1678 737 talis
1755 687 1926 753 guae
1984 654 2068 729 eir
2137 663 2494 729 dilectione

504 791 631 844 est.
719 777 873 843 Non
938 781 1109 844 enim
1168 779 1362 843 fortis
1430 778 1539 844 vel
1609 777 1867 847 sobrius
1942 777 2048 847 vel
2100 781 2316 863 justus
2378 774 2491 840 vel

502 893 766 958 humilis
834 891 944 957 vel
1003 890 1158 954 talia
1224 893 1502 971 dicitur,
1585 894 1713 956 nisi
1777 914 1971 975 quem
2026 894 2263 957 caritas
2320 891 2493 955 facit

496 1007 608 1075 vel
652 1008 940 1071 sobrium
981 1006 1091 1071 vel
1137 1005 1357 1069 talem.
2107 1020 2110 1023 ’
2223 1086 2237 1097 α

661 1118 826 1184 Viso
873 1119 954 1182 de
997 1121 1234 1181 virtute
1278 1119 1429 1203 quid
1473 1119 1586 1196 sit,
1632 1138 1801 1199 nunc
1844 1115 1993 1200 quid
2027 1118 2279 1194 vitium,
2328 1113 2485 1197 quid

497 1237 588 1301 eit
629 1246 1006 1315 peccatum,
1077 1253 1369 1316 quaeque
1435 1234 1606 1294 inter
1650 1254 1729 1295 ea
1774 1233 1864 1293 sit
1909 1231 2317 1306 differentia,
2383 1229 2485 1292 vi-

495 1348 788 1412 deamuS.
878 1343 999 1408 Est
1053 1345 1252 1428 igitur
1315 1346 1541 1409 vitium
1603 1345 1930 1425 corruptio
1977 1355 2247 1406 naturae
2299 1340 2482 1420 talia,

494 1480 663 1545 quae
722 1458 937 1521 reddit
989 1454 1314 1521 hominem
1380 1458 1802 1538 impotentem
1866 1460 2175 1519 resistere
2241 1453 2484 1519 illicito

490 1571 695 1636 motui
739 1567 847 1633 vel
893 1569 1225 1632 nolentem
1269 1571 1498 1652 cuique
1552 1569 1827 1632 reddere
1885 1569 2055 1651 quod
2111 1589 2295 1633 suum
2356 1580 2485 1645 est,

490 1686 662 1748 sicut
702 1681 1166 1761 irascibilitas,
1222 1681 1517 1761 luxuria,
1577 1681 1733 1768 gula
1791 1694 1857 1745 et
1899 1697 2145 1746 cetera.
2232 1682 2483 1778 Pecca-

488 1809 626 1859 tum
669 1817 826 1859 vero
874 1807 975 1857 est
1018 1794 1195 1859 velle
1240 1797 1460 1874 irasci,
1505 1795 1682 1859 velle
1712 1793 2054 1858 luxuriari.
2147 1793 2321 1857 Hinc
2353 1796 2485 1881 igi-

489 1923 594 1974 tur
640 1908 841 1972 facile
884 1908 1092 1972 videri
1136 1921 1380 1989 potest,
1428 1912 1493 1973 in
1529 1909 1747 1973 multia
1785 1928 1933 1971 esse
1964 1913 2296 1989 peccatum
2335 1910 2483 1970 sine

485 2024 649 2087 vitio
711 2035 779 2085 et
833 2024 1061 2086 vitium
1105 2024 1248 2086 sine
1292 2038 1601 2105 peccato:
1666 2027 1835 2087 sicut
1892 2022 2165 2104 aliqui8‚
2223 2021 2479 2104 quisa-

418 2166 425 2189 ·
487 2131 620 2198 ciie
677 2131 942 2197 mobilis
1008 2146 1113 2196 est
1170 2134 1251 2197 ad
1284 2136 1765 2213 -irascendum,
1844 2138 1954 2218 qui
2001 2157 2073 2198 se
2116 2138 2183 2199 in
2227 2146 2477 2200 tantum

486 2243 786 2322 cohibet,
849 2245 1018 2327 quod
1076 2247 1144 2309 in
1191 2246 1491 2311 ardorem
1533 2246 1751 2312 maiae
1793 2245 2150 2312 voluntatis
2192 2249 2259 2311 in
2304 2249 2477 2312 aite-

483 2377 627 2422 rum
680 2379 820 2421 non
876 2360 1172 2439 irrumpit
1230 2357 1340 2423 vel
1401 2372 1578 2424 certe
1648 2362 1984 2448 materiam
2032 2360 2485 2426 commovendi

482 2473 553 2535 in
600 2470 1054 2535 alterum-non
1099 2469 1321 2537 habet.
1392 2471 1577 2542 Idem
1624 2474 1704 2538 de
1732 2474 2067 2539 luxurioso
2098 2477 2476 2559 conjectare

481 2581 662 2648 licet.
750 2580 952 2645 Multi
995 2583 1312 2665 siquidem
1354 2597 1543 2662 sunt,
1607 2585 1719 2668 qui
1776 2607 1917 2650 cum
1960 2589 2150 2668 proni
2194 2600 2342 2651 sunt
2387 2587 2476 2651 ad

483 2691 651 2769 hoc,
684 2673 1113 2760 ‘voluntatem
1156 2708 1370 2758 tamen
1419 2695 1751 2759 cohibent.
1840 2696 2028 2761 Unde
2090 2710 2156 2761 et
2197 2702 2474 2781 majoris

478 2808 699 2875 meriti
739 2809 807 2869 in
853 2818 1100 2870 tantum
1160 2827 1309 2871 esse
1366 2807 1905 2890 deprehenditur,
1976 2811 2144 2892 quod
2188 2813 2476 2876 victores

477 2924 549 2987 in
595 2919 771 2985 lucta
817 2920 1210 2985 efficiuntur.
1295 2919 1462 2984 Sunt
1506 2922 1700 2985 etiam
1744 2920 1885 2998 alii,
1933 2923 2041 3004 qui
2080 2942 2223 2988 cum
2263 2901 2473 2987 mate-

477 3037 645 3100 riam
690 3036 983 3098 exterius
1029 3034 1111 3097 ad
1156 3032 1282 3097 hoc
1328 3053 1458 3095 non
1504 3031 1773 3110 habent,
1819 3036 1944 3096 etsi
1989 3034 2071 3097 ad
2118 3033 2243 3097 hoc
2281 3048 2470 3098 natu..

474 3144 705 3210 raliter
745 3147 947 3227 proni‘
976 3156 1166 3223 sunt,
1226 3166 1356 3208 non
1401 3157 1619 3208 tamen
1666 3144 1752 3215 ad
1794 3142 1918 3208 hoc
1961 3159 2334 3225 moventur,
2395 3158 2470 3211 ut

474 3270 627 3324 nunt
680 3257 868 3322 multi
925 3257 1007 3321 de
1066 3255 1530 3321 claustralibus
1593 3258 1791 3333 viria,
1859 3256 1940 3319 de
2004 3255 2329 3322 solitariis*
2399 3271 2472 3324 et

472 3368 870 3454 hujusmodi.
960 3369 1101 3434 sio·
1134 3390 1391 3451 quoque
1446 3370 1515 3432 in
1564 3370 1798 3431 ceteris
1854 3367 2052 3431 facile
2096 3382 2200 3433 est
2248 3375 2469 3435 consi-

474 3482 744 3548 derare-¹
817 3482 939 3545 Est
982 3492 1049 3545 et
1091 3493 1429 3562 peccatum
1470 3481 1541 3543 in
1587 3479 1999 3562 aliquo‘sine
2045 3482 2227 3560 vitio,
2280 3498 2354 3546 ut
2395 3486 2468 3548 in

471 3617 553 3663 eo
615 3598 726 3680 qui
785 3595 980 3679 hujus
1043 3594 1154 3659 vel
1212 3594 1395 3660 illius
1455 3597 1788 3676 potentiae
1844 3616 1976 3659 non
2022 3607 2154 3673 est,
2241 3595 2470 3679 aliqua

469 3723 689 3776 temen
744 3710 977 3796 grandi
1036 3711 1238 3773 cauea
1294 3710 1774 3774 interveniente
1830 3707 1918 3770 ad
1975 3708 2143 3771 iram
2184 3706 2295 3771 vel
2332 3709 2472 3773 ira-‘

386 3883 395 3894 ,
468 3824 764 3894 cundiam
825 3832 1291 3886 commovetur.
1377 3819 1491 3883 Sic
1547 3819 1979 3904 ‘igitur-vilia
2051 3817 2124 3881 in
2186 3830 2468 3884 naturae

374 3947 383 4006 ἶ
468 3938 917 4017 corruptione,
960 3943 1232 4015 peccata
1271 3951 1435 3996 vero
1477 3932 1546 3995 in
1589 3927 1925 3994 voluntate
1974 3930 2340 3994 consistunt
2380 3951 2472 3995 ae

378 4023 383 4032 ⁵
458 4059 581 4140 per
620 4046 751 4114 hoc
793 4048 954 4118 vitia
995 4066 1082 4112 ex
1136 4044 1446 4112 maxima.
1473 4052 1658 4132 pecte
1701 4039 2293 4125 eoe,eomplcxione
2337 4040 2461 4109 tali

2835 3731 2842 3808 ᾼ-ῴ-
2837 3633 2842 3694 ᾼᾏ
