2842 4800
2095 384 2300 453 XXV

307 557 638 639 tandem
654 559 1185 661 Ahaelardus,
1211 563 1344 671 qui
1357 559 1844 671 perfectiore
1864 558 2030 669 jam
2047 589 2300 670 opere

305 704 932 787 Introductionis
979 707 1285 817 scripto
1335 707 1775 815 perfectius
1819 707 2066 788 etiam
2095 734 2298 816 opus

310 849 532 957 (dico
601 848 1174 962 Theologiam)
1233 855 1825 964 superaddendi
1880 853 2305 935 consilium

302 997 628 1100 habuit,
690 997 989 1079 librum
1047 1001 1503 1109 compendii
1549 1000 1905 1081 formam
1952 1027 2156 1110 prae
2210 984 2301 1079 se

301 1141 706 1225 ferentem
739 1147 1376 1254 conscripserit?
1473 1145 1564 1229 Si
1621 1145 2133 1257 conjecturae
2188 1145 2304 1225 lo·
2427 1168 2454 1183 ⁴·

304 1316 448 1370 cus
497 1286 1035 1399 permittitur,
1099 1292 1486 1373 arbitrari
1534 1294 1720 1375 licet
1788 1297 2126 1375 Petrum
2160 1318 2305 1373 no-

303 1449 569 1515 strum
597 1436 680 1516 id
703 1434 990 1518 fecisse
1014 1422 1097 1518 in
1128 1467 1367 1519 usum
1388 1438 1906 1542 Scholarum,
1941 1465 2139 1550 quas
2170 1465 2301 1519 co-

299 1610 486 1663 ram
533 1583 749 1705 fideli
798 1585 1380 1695 discipulorum
1429 1585 1771 1666 cohorte
1797 1643 1822 1687 ,
1881 1612 2044 1667 una
2103 1610 2302 1664 cum

301 1744 839 1838 praeceptore
885 1729 1399 1811 dilectissimo
1455 1733 1539 1810 in
1585 1727 2106 1831 solitudinem
2165 1730 2302 1809 ab·
2433 1730 2440 1735 “

302 1890 548 1957 eunte
565 1934 590 1978 ,
639 1877 723 1955 in
753 1866 1187 1959 Paracleto‘
1210 1877 1613 1960 habuerit.
1709 1877 2025 1958 Pariter
2057 1890 2300 1985 atque
2377 1915 2384 1919 ¹

302 2022 518 2133 apud
549 2021 1242 2107 Introductionem
1263 2021 1336 2075 ¹⁹)
1392 2025 1823 2134 discipulos
1866 2023 1948 2104 id
1993 2049 2300 2131 rogare

301 2169 1009 2278 Abaelardumque
1054 2199 1343 2257 eorum
1362 2173 1582 2253 votis
1606 2198 1965 2253 annuere
2000 2163 2302 2279 potuis-

301 2344 423 2418 se,
456 2317 632 2428 quis
666 2332 789 2398 est
828 2319 1021 2427 quin
1047 2318 1373 2401 videat?
1449 2319 1593 2401 Cui
1622 2319 1827 2400 haec
1846 2317 2111 2398 minus
2133 2314 2305 2424 pla-

305 2466 650 2570 cuerint,
716 2465 804 2545 in
841 2467 1360 2546 commodum
1406 2494 1719 2567 eorum,
1776 2466 1908 2576 qui
1941 2479 2303 2571 systema

304 2606 478 2719 ejus
530 2612 619 2691 in
673 2606 1217 2719 compendioli
1280 2613 1634 2693 formam
1680 2613 2099 2695 redactum
2164 2638 2301 2720 pe-

301 2758 559 2838 nitius·
598 2758 1141 2866 cognoscendi
1202 2745 1601 2840 desiderio
1665 2760 2152 2869 flagrarent,
2217 2752 2301 2835 id

300 2902 605 2986 factum
663 2932 842 2987 esse
888 2919 1245 2989 statuere
1287 2909 1498 2989 licet.
1593 2911 1867 3021 Quum
1921 2907 2004 2987 id
2051 2903 2297 2987 modo

474 3243 653 3321 Quin
699 3249 895 3312 etiam
935 3247 1340 3313 Introductio
1366 3251 1677 3332 {perfecte
1721 3253 2013 3316 existere
2046 3253 2300 3333 potuis·-

473 3370 601 3438 set,
646 3356 804 3423 licet
830 3359 1250 3427 Abaelardus
1296 3383 1622 3447 nunquam
1645 3360 2085 3449 Theologiam
2114 3383 2298 3445 pror-

470 3492 584 3536 sus
629 3469 980 3538 absolvere
1022 3479 1309 3557 potuerit
1352 3499 1470 3541 seu
1515 3476 1821 3541 voluerit.

303 3641 414 3721 19)
473 3635 615 3702 cfr.
672 3639 897 3705 Praef.
974 3639 1215 3708 Abael.
1297 3643 1413 3720 ad⁸
1459 3640 1751 3712 Introda
1831 3641 2301 3723 „scholarium

471 3763 840 3816 nostrorum
885 3756 1186 3836 petitioni
1242 3768 1437 3839 prout
1467 3777 1832 3840 ‚possumus
1882 3756 2302 3844 satisfacien-

436 3877 613 3946 tes,
669 3860 958 3948 aliquam
999 3888 1231 3936 sacrae
1279 3870 1667 3936 eruditionis
1712 3870 2066 3949 Summam,
2113 3867 2301 3953 quasi

364 3972 369 3976 ’
471 3973 734 4041 divinae
749 3979 1109 4061 scripturae
1123 3980 1710 4062 Iun-eductionem,
1725 3983 2302 4067 conscripsimus-‘⁶

472 4082 613 4151 Cfr.
659 4085 939 4160 historia
984 4092 1464 4164 calamitatum·
1505 4116 1565 4164 c.
1612 4095 1712 4164 9.'
1773 4121 1780 4130 ·
