2842 4800
565 340 676 415 90

562 521 1036 579 sacramentum
1077 514 1542 583 reiterandum.
1619 516 1852 603 Neque
1882 519 2109 584 eadem
2140 486 2359 584 hostia
2393 542 2555 585 con-

557 637 850 690 secratur
889 626 1032 706 bis,
1076 651 1221 694 cum
1265 641 1484 697 tamen
1525 632 1700 698 idem
1744 642 1975 716 corpus
2018 632 2101 698 ab
2143 636 2373 702 eodem
2402 632 2551 700 'fre-

563 749 836 821 quenter
877 751 1190 806 sumatur.

1298 1016 1514 1104 Caput
1549 1017 1815 1088 XXXI.

550 1154 639 1209 De
674 1153 911 1227 conjugii
945 1160 1293 1210 sacramento
1341 1161 1401 1210 et
1445 1156 1593 1224 qnod
1638 1169 1747 1208 non
1793 1153 2013 1209 confert
2052 1148 2279 1223 aliquod
2315 1153 2542 1217 donum,

932 1256 1080 1309 sicut
1114 1261 1303 1311 cetera
1336 1255 1569 1311 faciunt.
1628 1254 1770 1310 Item
1805 1255 1878 1309 de
1913 1254 2169 1310 caritate.

717 1399 910 1468 Nunc
954 1401 1036 1464 de
1083 1402 1390 1487 conjugio
1450 1400 1791 1465 dicendum
1847 1411 1989 1481 est,
2050 1401 2224 1485 quod
2279 1401 2542 1484 quidem

546 1526 1025 1581 sacramentum
1068 1528 1208 1594 est,
1268 1513 1387 1577 sed
1447 1534 1580 1578 non
1636 1512 1895 1577 confert
1948 1511 2217 1597 aliquod
2273 1514 2537 1591 donum,

545 1630 716 1692 sicut
758 1637 979 1691 cetera
1022 1625 1306 1705 faciunt,
1363 1625 1485 1691 sed
1528 1637 1745 1689 tamen
1788 1625 1951 1705 mali
2007 1625 2367 1690 remedium
2410 1639 2536 1689 est.

544 1740 762 1805 Datur
825 1740 1000 1804 enim
1066 1750 1333 1822 propter
1395 1740 1940 1803 incontinentiam
2005 1738 2560 1817 refroenandam,.

542 1854 718 1918 unde
760 1839 987 1939 magis'
1014 1852 1098 1916 ad
1138 1850 1614 1938 indulgentiam
1656 1854 1958 1934 pertinet.
1987 1846 1992 1853 ’
2026 1849 2138 1914 Sic
2167 1862 2384 1914 autem
2412 1851 2537 1914 dif-

486 1960 491 1969 ‘
540 1965 811 2031 finitur:
876 1966 1254 2051 conjugium
1296 1950 1401 2029 est
1440 1966 1636 2028 maris
1686 1976 1753 2028 et
1793 1964 2122 2028 foeminae
2166 1963 2535 2028 foederatio

537 2078 879 2167 legitima,
916 2089 1186 2161 propter
1227 2098 1420 2163 quam
1462 2076 1623 2142 licet
1666 2079 1764 2142 eis
1808 2078 1954 2142 sine
1999 2076 2190 2160 culpa
2233 2079 2533 2143 commis-

540 2193 700 2257 ceri.
757 2192 1150 2256 Foederatio
1207 2211 1368 2255 vero
1425 2188 1562 2254 alia
1611 2201 1713 2253 est
1767 2190 1850 2253 de
1903 2192 2214 2279 conjugio
2274 2204 2531 2256 contra-

539 2304 794 2383 hendo,
839 2315 914 2371 ut
955 2315 1096 2383 est,
1141 2303 1400 2386 quando
1441 2303 1801 2385 promittit,
1845 2303 2017 2386 quod
2060 2325 2205 2367 eam
2250 2307 2532 2389 accipiat

533 2416 666 2484 sibi
723 2438 1042 2496 uxorem,
1105 2415 1244 2481 alia
1297 2417 1631 2502 conjugii,
1688 2427 1763 2479 ut
1817 2416 2072 2500 quando
2135 2418 2331 2498 dicit,
2396 2431 2530 2485 tra-

510 2525 622 2595 'do
669 2552 776 2595 me
819 2528 939 2595 tibi
983 2529 1069 2595 ad
1109 2551 1298 2593 usum
1340 2532 1558 2595 carnis
1616 2551 1848 2610 meae,
1904 2531 2001 2595 ita
2054 2543 2163 2612 ut,
2223 2534 2530 2615 quamdiu

530 2646 1000 2723 vixeris„non
1042 2664 1147 2708 me
1193 2640 1312 2707 alii
1354 2644 1772 2729 conjungam.
1837 2645 1924 2708 Et
1961 2641 2126 2707 haec
2159 2643 2525 2709 foederatio

531 2758 822 2841 adprime
865 2758 1030 2821 facit
1070 2758 1473 2841 conjugium.
1562 2754 1913 2819 Sciendum
1953 2777 2112 2820 vero
2161 2769 2305 2839 est,
2351 2761 2524 2842 quod

528 2872 598 2935 in
642 2869 772 2935 hoc
817 2882 1231 2935 sacramento
1274 2868 1485 2933 multa
1528 2867 1686 2933 olim
1740 2868 2009 2932 fuerunt
2065 2868 2293 2952 licita,
2357 2895 2524 2955 quae

527 2987 722 3051 modo
767 2985 952 3050 licita
999 3004 1129 3047 non
1174 2994 1372 3064 sunt,
1439 2983 1591 3066 quia
1631 2984 1701 3047 in
1742 2984 1954 3048 veteri
1998 2994 2392 3049 testamento
2438 2985 2523 3050 li-

528 3098 722 3166 cebat
761 3101 877 3165 uni
917 3099 1159 3164 multas
1201 3119 1445 3163 uxores
1494 3079 1770 3178 habere,
1822 3108 1897 3161 ut
1928 3097 2205 3181 populus
2242 3097 2372 3163 Dei
2407 3119 2522 3162 au·-

527 3224 829 3299 geretur,
873 3211 992 3277 sed
1035 3233 1169 3276 non
1209 3209 1472 3276 mulieri
1511 3209 1753 3276 multos
1793 3212 2011 3291 viros,
2080 3214 2233 3296 quia
2274 3212 2521 3278 multae

521 3338 800 3410 possunt
842 3347 930 3391 ex
971 3347 1103 3390 uno
1146 3325 1571 3404 foecundari,
1623 3324 1745 3388 sed
1787 3344 1920 3389 non
1961 3346 2094 3389 una
2139 3347 2227 3389 ex
2268 3324 2518 3391 multiS.

522 3435 716 3505 Nunc
756 3460 916 3504 vero
959 3459 1093 3503 non
1135 3436 1330 3518 licet,
1389 3438 1543 3520 quia
1598 3434 1877 3520 populus
1931 3436 2066 3502 Dei
2118 3448 2348 3503 auctus
2391 3450 2517 3503 est.

518 3553 742 3618 Etiam
809 3564 962 3619 tunc
1017 3551 1284 3638 regibus
1339 3571 1475 3617 non
1532 3549 1778 3615 licebat
1840 3551 2082 3616 multas
2139 3554 2260 3617 sed
2317 3575 2518 3619 unam

518 3665 766 3731 habere
820 3679 893 3731 ut
934 3664 1213 3732 subditis
1268 3665 1407 3728 suis
1462 3664 1808 3748 providere
1845 3676 2138 3754 possent.
2226 3663 2300 3729 Si
2338 3667 2512 3731 enim

515 3779 755 3846 multas
799 3776 1157 3857 haberent,
1206 3798 1434 3842 earum
1491 3775 1941 3842 sollicitudine
1998 3779 2252 3841 animus
2306 3778 2513 3860 impe·

518 3885 761 3946 ditem·
820 3906 887 3960 et
940 3896 1036 3958 ita
1090 3895 1302 3976 minue
1343 3892 1789 3976 providerent.
1897 3890 2093 3967 Quod
2149 3903 2309 3958 vero
2369 3892 2513 3959 Da-

515 3992 627 4086 γίᾱ
670 4006 737 4059 et
781 3993 1095 4063 Salomon
1134 4003 1377 4090 multas
1439 4002 1841 4085 habuerunt,
1900 4003 2098 4094 plane
2142 4016 2369 4072 contra
2409 4005 2508 4072 le·
