2842 4800
2170 381 2275 469 81.

279 549 480 618 modo
534 551 886 634 provenire
920 550 1123 631 facit,
1188 570 1319 639 quo
1377 549 1617 617 melius
1661 549 1816 618 inde
1858 562 2079 637 potest
2121 571 2277 619 eve-

281 667 448 730 nire.

452 776 617 842 Post
657 774 787 840 hoc
828 786 1304 841 sacramentum
1346 776 1640 858 sequitur
1670 774 1882 850 aliud3
1930 776 2102 860 quod
2134 778 2276 860 qui·

281 891 433 955 dem
476 889 690 976 majus
733 904 837 955 est
880 904 1188 977 quantum
1229 891 1800 956 administrorum
1843 891 2271 976 dignitatem3

277 1002 408 1068 hoc
454 1006 627 1069 enim
671 1026 713 1069 a
754 1005 1023 1068 summis
1068 986 1484 1086 pontificibus
1532 1005 1844 1083 traditur,
1889 1007 2060 1069 sicut
2093 1025 2132 1068 a
2160 1026 2273 1069 so-

277 1116 368 1182 lis
423 1115 764 1199 Apostolis
822 1115 1221 1182 tradebatur.
1320 1116 1512 1182 Prius
1558 1130 1662 1183 est
1713 1119 1976 1196 unctio,
2040 1130 2275 1200 postea

279 1230 576 1313 sequitur
633 1228 1085 1323 ConfirmatiO.
1173 1228 1276 1295 Ibi
1326 1241 1669 1312 peccatum
1729 1231 2107 1311 dimittitur,
2163 1233 2274 1297 hic

279 1345 535 1428 gratiae
580 1342 755 1408 dona
797 1344 1052 1408 dantur.
1137 1340 1310 1408 Nam
1354 1343 1462 1419 hic
1486 1339 1614 1407 'illa
1644 1347 1859 1430 gratia
1894 1344 2123 1427 procul
2154 1338 2272 1410 du!-

278 1455 390 1521 bio
435 1458 662 1537 datur,
724 1480 854 1543 qua
897 1470 1126 1523 contra
1166 1455 1438 1546 singula
1490 1461 1691 1539 vitia,
1748 1461 1878 1523 etsi
1920 1481 2053 1524 non
2094 1482 2271 1525 sem-

276 1594 394 1656 per
440 1556 836 1658 ‘quandoque
894 1586 1114 1672 tannen
1168 1586 1517 1662 pugnatur.
1606 1574 1730 1639 Est
1784 1585 2003 1640 autem
2057 1576 2275 1662 gratia

277 1684 401 1753 illa
457 1688 645 1771 quasi
703 1672 1033 1750 armatura
1089 1688 1448 1772 quaedam,
1499 1709 1656 1784 ’qua‘
1689 1688 1760 1751 in
1814 1674 1947 1752 boc
2005 1688 2270 1752 deserto

277 1813 432 1884 post
504 1805 846 1866 transitum
927 1800 1230 1885 baptismi
1293 1814 1522 1867 contra
1583 1803 1748 1865 vitia
1793 1822 2271 1888 -repugnamum

279 1914 462 1978 Sicut
504 1916 678 1979 enim
720 1914 1075 1979 submersis
1118 1913 1501 2001 AegyptiiS,
1546 1935 1588 1978 a
1629 1926 1818 2001 tergo
1847 1915 2271 1998 sequentibus

275 2025 455 2091 filios
495 2026 744 2107 Israel,
789 2025 904 2091 alii
948 2026 1172 2091 hostes
1215 2049 1332 2109 per
1375 2027 1705 2091 desertum
1762 2048 1878 2119 ecs
1940 2047 2273 2115 oppugna-

274 2151 550 2219 verunt,
588 2186 591 2191 -
632 2142 730 2205 sic
793 2138 1131 2205 submerso
1199 2138 1468 2204 diabolo
1532 2140 1604 2204 in
1670 2139 2095 2220 baptismate,
2159 2142 2271 2223 qui

276 2254 550 2334 primum
595 2273 717 2317 nos
758 2250 1258 2337 insequebatur,
1300 2251 1508 2316 multa
1550 2249 1741 2315 nobis
1782 2272 1901 2333 per
1933 2250 2127 2335 hujus
2171 2253 2271 2316 vi-

278 2377 389 2430 tae
433 2366 762 2434 desertum
805 2367 968 2431 vitia
1009 2369 1359 2445 resistunt,
1426 2376 1654 2430 contra
1714 2385 1880 2449 quae
1938 2367 2155 2453 gratia
2196 2367 2268 2432 iu

280 2476 407 2542 hoc
467 2490 876 2552 sacramento
936 2478 1087 2543 data
1145 2480 1332 2563 quasi
1390 2489 1720 2544 armatura
1768 2488 1852 2542 'et
1904 2479 2267 2543 munitione

228 2635 237 2640 -
280 2590 557 2674 quadam
615 2592 958 2656 munimur.
1045 2588 1373 2667 Quocirca
1411 2590 1642 2674 procul
1687 2588 1882 2654 dubio
1928 2590 2269 2658 sciendum

279 2716 382 2767 est
425 2704 599 2788 quod
648 2716 1083 2788 quantumque
1132 2704 1441 2790 indignus
1478 2705 1568 2768 sit
1599 2704 1967 2785 episcopuS,
2008 2704 2078 2766 in
2109 2724 2268 2768 con·

276 2819 908 2882 sectatione.tamen
953 2821 1016 2882 ei
1059 2817 1226 2882 haec
1267 2816 1550 2882 facultas
1597 2814 1981 2896 exhibetur,
2033 2829 2106 2881 ut
2146 2838 2267 2900 per

275 2933 705 2997 ministerium
747 2930 912 2996 haec
953 2935 1167 3019 gratia
1211 2930 1422 2994 detur.
1512 2928 1697 2994 Sicut
1741 2928 1822 2993 de
1869 2927 2118 3011 Caipha
2147 2929 2266 2994 ha·

276 3023 505 3126 betur,
553 3047 706 3129 quia
748 3066 893 3109 cum
937 3057 1115 3110 esset
1155 3042 1458 3126 pontifex
1501 3043 1657 3105 anni
1696 3040 1917 3121 illius,
1962 3062 2092 3105 non
2116 3063 2266 3125 per-

275 3180 482 3226 sonae
522 3157 641 3223 sed
679 3157 983 3243 dignitati
1020 3158 1238 3244 gratia
1272 3153 1704 3239 prophetandi
1735 3154 1890 3217 data
1922 3165 2049 3219 est.
2098 3151 2266 3219 Cum

281 3275 453 3337 enim
496 3272 563 3335 in
611 3292 686 3337 se
730 3271 966 3356 dignus
1009 3289 1142 3333 non
1187 3278 1405 3347 esset,
1451 3288 1540 3332 ex
1584 3265 1808 3330 officio
1853 3277 2070 3330 tamen
2112 3285 2265 3348 pro-

274 3383 569 3468 phetavit
622 3394 692 3447 et
751 3361 999 3465 Spiritu
1051 3392 1282 3446 sancto
1324 3378 1540 3445 dixit:
1611 3378 1875 3463 expedit
1915 3375 2144 3459 vobis,
2188 3386 2266 3442 ut

271 3516 471 3575 uuus,
514 3505 584 3558 et
625 3505 873 3561 cetera.

1010 3671 1226 3758 Caput
1262 3667 1531 3740 XXIX.
1557 3725 1562 3730 .

897 3812 988 3870 De
1022 3813 1373 3865 sacramento
1405 3807 1625 3864 altaris.

434 3931 745 4017 Sequitur
798 3930 881 3997 de
933 3939 1343 3994 sacramento
1404 3924 1661 3991 altaris.
1754 3916 1979 4009 Hujus
2037 3940 2256 3990 sacra-

271 4047 473 4114 menti
516 4063 719 4112 causa
759 4052 866 4111 est
901 4043 1218 4110 memoria
1256 4038 1490 4109 morti·
1521 4047 1591 4102 et
1617 4037 1951 4122 passionis
1981 4032 2254 4104 Christi.

1792 4150 1838 4216 ο
