2842 4800
527 378 641 455 m
1218 454 1223 463 Ι
2313 410 2354 421 -

526 547 614 613 ad
667 544 955 615 salutem
1014 559 1273 632 spectat
1292 594 1317 631 ,
1375 548 1497 614 sed
1553 569 1833 636 magnae
1881 532 1993 613 'rei
2051 560 2540 621 sacramentum

525 671 668 741 cst,
729 659 988 729 scilieet
1047 662 1449 750 conjuginm.
1555 658 1830 727 Ducere
1884 661 2206 747 siquidem
2261 682 2543 729 uxorem

524 792 656 839 non
702 784 806 838 est
847 772 1133 859 alicujus
1173 775 1393 839 meriti
1458 774 1543 838 ad
1585 771 1902 853 salutem,
1967 773 2087 838 sed
2126 788 2394 859 propter
2433 778 2543 842 in-

524 888 1053 957 convenientiam
1095 886 1181 951 ad
1205 886 1491 951 salutem
1518 897 1622 951 est
1660 906 2071 951 concessum.
2160 886 2283 951 Est
2312 898 2532 954 autem

519 1013 1006 1067 sacramentum
1047 996 1397 1065 invisibilis
1440 1000 1710 1086 gratiae
1742 995 2028 1063 visibilis
2070 999 2330 1080 species
2351 1042 2377 1079 ,
2421 997 2537 1065 vel

520 1130 754 1179 sacrae
795 1115 897 1178 rei
938 1115 1227 1203 signum,
1271 1112 1343 1179 id
1388 1123 1516 1191 est,
1566 1111 1849 1196 alicujus
1893 1113 2161 1177 secreti.
2247 1110 2535 1179 Primum

520 1223 755 1303 borum
799 1237 901 1291 est
941 1226 1300 1310 baptismus
1326 1272 1349 1306 ,
1415 1227 1523 1312 qui
1567 1226 2082 1292 circumcisionis
2130 1221 2382 1289 obtinet
2422 1223 2528 1289 lo·

518 1357 686 1431 cum.
772 1336 866 1403 Ut
909 1340 1085 1405 enim
1128 1341 1223 1403 ait
1264 1337 1497 1404 beatus
1530 1336 1941 1425 ,Gregoriust
2007 1335 2134 1402 hoc
2195 1336 2357 1401 facit
2400 1357 2520 1401 no·

515 1449 621 1516 bis
663 1449 1063 1535 baptismus,
1125 1450 1299 1536 quod
1344 1450 1504 1517 olim
1547 1451 1650 1517 his
1670 1496 1692 1530 ‚
1729 1452 1851 1539 ¹qni
1893 1450 1975 1515 de
2018 1469 2267 1536 genere
2309 1447 2523 1515 Abra·

512 1560 645 1633 hae
690 1577 918 1645 erant,
979 1566 1429 1645 circumcisio,
1493 1564 1648 1629 aliis
1691 1562 2020 1629 sacrificia
2062 1560 2171 1627 vel
2211 1581 2331 1645 pro
2374 1582 2526 1646 par-

511 1675 691 1743 vulis
731 1677 901 1747 fides
936 1691 1311 1762 parentum.
1399 1676 1645 1744 Dicunt
1690 1688 1912 1743 tamen
1974 1675 2277 1763 quidam,
2348 1676 2526 1761 quod

510 1790 583 1856 in
624 1789 757 1861 boc
800 1792 1150 1873 differunt,
1205 1788 1378 1879 qn'od
1420 1793 1641 1858 aditus
1683 1789 1858 1858 coeli
1897 1791 2095 1857 modo
2138 1801 2323 1874 patet
2361 1789 2521 1874 bap-

510 1906 766 1986 tizatis,
812 1919 968 1975 tuuc
1006 1928 1167 1972 vero
1213 1927 1371 1972 non.
1460 1890 1595 1972 Sed
1638 1925 1762 1971 nos
1805 1904 2127 1985 dicimus,
2172 1903 2346 1989 quod
2389 1902 2520 1969 boc

512 2041 648 2093 non
689 2020 854 2089 facit
909 2019 1312 2105 baptismus,
1377 2022 1498 2086 sed
1559 2021 1785 2106 passio
1829 2019 2179 2103 adjuncta3
2246 2039 2415 2104 quae
2457 2018 2519 2082 si

510 2136 998 2205 citcumcisioni
1041 2134 1268 2200 addita
1311 2147 1518 2214 esset,
1563 2145 1632 2198 et
1671 2135 1956 2212 faceret,
2014 2134 2183 2198 sicut
2223 2133 2306 2197 de
2353 2130 2516 2197 duo-

509 2246 634 2316 bus
679 2249 958 2314 nummis
1015 2247 1245 2313 videre
1304 2266 1674 2329 possumus.
1765 2243 1932 2311 Cum
1996 2247 2171 2311 enim
2209 2245 2358 2329 plus
2400 2265 2514 2311 ac-

511 2363 833 2446 cipiamus
903 2381 1025 2447 pro
1104 2359 1361 2427 duobus
1432 2378 1624 2446 quam
1679 2380 1797 2444 pro
1861 2379 2030 2442 uno,
2092 2379 2224 2425 uon
2291 2371 2514 2444 tamen

504 2478 657 2563 plus
731 2478 921 2545 valet
987 2496 1156 2544 unus
1226 2497 1420 2561 quam
1498 2475 1692 2542 alter.
1796 2474 1930 2544 Sed
1993 2477 2169 2543 dicet
2231 2476 2509 2562 aliquisx

509 2589 646 2657 Cur
701 2593 803 2657 ita
862 2602 1115 2657 mutata
1171 2600 1277 2655 est
1319 2588 1778 2656 circumcisio?
1861 2589 2144 2676 Propter
2206 2591 2364 2656 novi
2404 2611 2510 2654 re-

503 2708 612 2795 gis
671 2727 911 2772 novam
964 2704 1184 2791 legem
1238 2702 1746 2784 instituendam,
1810 2716 2077 2788 propter
2129 2705 2510 2770 inimicitias

501 2802 688 2885 inter
717 2818 1009 2884 Judaeos
1065 2828 1132 2880 et
1173 2813 1479 2882 Gentiles
1535 2814 2037 2897 dissolvendas,
2090 2827 2357 2901 propter
2396 2837 2509 2883 su·

500 2930 797 3017 perbiam
821 2930 1221 2995 Judaeorum
1250 2928 1760 3020 retundendam.
1832 2925 1999 2994 Cum
2025 2930 2198 2995 enim
2241 2937 2509 3012 propter

497 3045 757 3136 legalia
816 3044 1089 3110 Judaeis
1122 3035 1482 3108 ‘Gentiles'
1539 3053 1609 3106 et
1685 3063 1724 3106 e
1802 3062 2121 3107 converso
2207 3043 2507 3108 inimica·

496 3172 760 3242 rentur,
828 3177 1159 3243 nunquam
1215 3156 1502 3246 gentiles
1555 3155 1683 3223 illa
1737 3157 2129 3241 reciperent.
2215 3154 2385 3223 Item
2444 3157 2507 3222 si

498 3276 909 3357 reciperent,
975 3271 1208 3337 sudaei
1236 3289 1242 3298 ·
1269 3271 1430 3336 inde
1492 3269 1903 3353 superbirent
1969 3281 2037 3335 et
2102 3273 2293 3355 quasi
2346 3271 2504 3337 inde

495 3404 573 3470 se
612 3388 976 3472 jactarent,
1018 3386 1133 3470 qni
1162 3383 1510 3450 dicerent:
1556 3382 1780 3449 velitis
1821 3381 2090 3462 nolitis,
2138 3383 2223 3448 ad
2272 3395 2504 3450 nostre

496 3508 920 3568 sacramenta
959 3497 1239 3563 venistis
1282 3496 1504 3561 modo.
1591 3494 1886 3582 Ideoque
1929 3496 2329 3561 conveniens
2351 3496 2500 3576 fuit,

493 3612 633 3680 nt·-
661 3612 975 3678 evneusri
1018 3620 1086 3676 et
1129 3608 1301 3690 alia,
1347 3629 1518 3696 qnae
1559 3612 1786 3697 utique
1831 3610 2055 3677 forent
2106 3611 2499 3690 eommunia,

493 3726 829 3793 constitui.
917 3720 1202 3808 Propter
1254 3722 1383 3789 hoc
1441 3745 1699 3810 quoque
1756 3723 2128 3819 baptismus·
2172 3722 2326 3788 loco
2372 3724 2502 3788 cir-

491 3837 914 3906 cumcisionis
955 3836 1181 3920 subiit,
1226 3840 1378 3932 quie
1420 3841 1829 3906 circumcisio
1860 3838 2310 3923 imperfectum
2353 3849 2501 3903 erat

487 3963 999 4035 momentum,
1042 3963 1274 4036 utpote
1301 3951 1470 4019 solis
1514 3954 1806 4020 attinens
1846 3952 2159 4020 maribus.
2229 3948 2495 4035 Baptis-

489 4083 638 4132 mus
691 4083 855 4133 vero
906 4064 1272 4149 perfectum
1342 4077 1451 4132 est
1520 4079 2039 4149 sacramentum,
2120 4067 2276 4153 quia
2327 4064 2492 4130 utri-
2593 4129 2606 4134 -
