2842 4800
2176 392 2292 470 99

284 573 464 630 runt.
548 550 860 629 Socrates
908 564 1081 628 enim
1120 561 1244 629 sub
1289 564 1531 629 virtute
1575 562 1984 649 prudentiam
2042 567 2286 632 consti-

286 689 480 742 tuens
523 689 803 759 quatuor
843 676 1105 741 virtutis
1149 678 1404 759 species
1450 698 1603 741 esse
1632 678 1892 759 docuit,
1924 680 2281 764 justitiam,

287 790 781 869 fortitudinem,
827 791 1344 871 temperantiam.
1430 788 1622 854 Dixit
1664 792 1838 855 euim
1870 794 2282 874 prudentiam

286 903 751 966 discretionem
805 923 955 965 esse
995 899 1313 965 bonarum
1358 901 1467 966 vel
1512 901 1830 968 malarum
1874 925 2086 969 rerum
2133 926 2279 972 cum

286 1026 523 1080 ornatu
588 1033 859 1078 morum.
961 994 1200 1077 Talem
1257 1014 1668 1095 prudentiam
1732 1016 1998 1079 vocavit
2059 1015 2274 1080 scien·

288 1128 448 1192 tiam
490 1125 619 1191 vel*
644 1126 1058 1208 sapientiam.
1146 1122 1255 1188 De
1299 1122 1424 1189 hac
1466 1123 1794 1191 rhetorica
1837 1124 2106 1192 multum
2139 1126 2284 1191 elo-

285 1239 633 1323 quentiae,
692 1258 917 1320 parum
961 1239 1277 1304 scientiae
1321 1237 1434 1325 vel
1478 1240 1867 1321 sapientiae.
1951 1241 2279 1306 Aristote-

281 1348 387 1415 les
430 1364 648 1416 autem
690 1370 731 1414 a
773 1348 1122 1415 virtutibus
1165 1352 1714 1433 eam-separavit,
1758 1350 1872 1415 ubi
1911 1352 2119 1418 dixitz
2176 1364 2275 1441 tag-

280 1460 387 1527 les
432 1473 583 1552 sunt
634 1463 952 1527 scientiae
1007 1475 1075 1528 et
1115 1464 1417 1528 virtutes.
1502 1462 1898 1528 Aristoteles
1953 1485 2111 1528 vero
2156 1485 2278 1528 no-

282 1571 412 1638 luit
471 1573 579 1637 vel
635 1575 833 1638 etiam
889 1595 1020 1638 non
1065 1576 1314 1657 putavit
1357 1595 1506 1639 esse
1550 1578 1898 1658 virtutem,
1947 1576 2121 1661 quod
2165 1596 2279 1640 ae-

284 1707 411 1769 que
482 1684 671 1750 bonis
742 1698 810 1750 et
872 1685 1067 1751 malis
1133 1685 1337 1751 habet
1415 1689 1791 1753 convenire.
1902 1687 2276 1754 Secundum

278 1797 710 1865 Aristotelem
752 1801 954 1885 igitur
995 1811 1130 1864 tres
1175 1811 1327 1862 sunt
1364 1802 1617 1882 species
1661 1802 1961 1881 virtutis,
2013 1802 2282 1886 justitia

280 1909 572 1992 scilicet,
619 1912 1087 1993 temperantia,
1147 1911 1484 1976 fortitudo.
1584 1910 1919 1978 Justitiam
1974 1932 2131 1977 vero
2174 1913 2277 1977 sic

280 2022 602 2088 definiunt
654 2014 1074 2106 philosophi:
1128 2026 1395 2109 justitia
1440 2036 1544 2089 est
1584 2022 1847 2090 habitus
1886 2025 2085 2090 animi
2124 2024 2276 2090 red-

280 2134 444 2201 dens
500 2138 849 2220 unicuique
910 2136 1082 2220 quod
1135 2157 1322 2200 suum
1382 2149 1521 2217 est,
1593 2137 1918 2201 communi
1984 2135 2274 2202 utilitate

282 2258 573 2312 servata.
659 2247 813 2313 Hoc
854 2247 1028 2314 idem
1069 2247 1490 2313 Iustinianus.
1538 2249 1795 2313 notavit
1851 2268 1972 2313 sua
2025 2249 2272 2314 diffini-

280 2363 498 2444 tione,
543 2380 689 2427 cum
728 2362 977 2427 diceret
1015 2362 1153 2427 sic:
1202 2362 1470 2447 justitia
1513 2373 1618 2427 est
1661 2371 1970 2427 constans
2008 2336 2084 2427 et
2120 2384 2273 2446 per·-
2383 2419 2386 2422 .

277 2484 479 2557 petua
519 2473 826 2540 voluutas
870 2486 995 2539 etc.
1080 2473 1210 2540 Per
1252 2475 1377 2542 hoc
1437 2478 1652 2556 enim,
1707 2476 1883 2561 quod
1923 2478 2052 2545 aitt
2112 2497 2271 2542 con-

274 2599 460 2650 stane
502 2596 572 2653 et
609 2600 923 2671 perpetua
963 2587 1308 2669 voluntas,
1380 2587 1764 2671 qualitatem
1807 2589 2052 2654 mentis
2087 2591 2276 2653 veni-

279 2713 499 2766 entem
544 2722 633 2766 ex
691 2698 1128 2783 applicatione
1189 2712 1257 2765 et
1317 2699 1592 2768 difficile
1632 2698 1942 2766 mobilem
1983 2702 2270 2776 notavit.

276 2805 609 2894 P'er'hoc,
657 2816 827 2900 quod
872 2815 1080 2880 dixitz
1140 2802 1330 2880 surim
1367 2816 1719 2899 unicuique
1771 2815 1886 2899 jus
1941 2813 2265 2895 tribuens,

282 2930 594 3009 optimum
640 2929 916 2993 notavit.
1003 2927 1202 2992 Suum
1243 2938 1463 3009 potest
1503 2926 1738 2992 referri
1792 2938 1925 2991 tam
1969 2926 2054 2990 ad
2094 2927 2268 2992 acci-

276 3043 564 3124 pientem
634 3062 827 3124 quam
888 3041 970 3105 ad
1030 3039 1444 3106 tribuentem.
1544 3039 1619 3104 Si
1685 3039 1772 3104 ad
1835 3039 2267 3119 accipientem

277 3151 626 3233 referatur,
675 3166 826 3217 tunc
859 3153 1412 3222 determinandum
1452 3153 1774 3219 communi
1804 3150 2089 3216 utilitate
2125 3170 2266 3214 ser-

274 3278 456 3332 vata.
541 3265 845 3331 Justitiae
899 3268 1217 3352 siquidem
1274 3279 1379 3334 est
1437 3267 1653 3332 omnia
1709 3264 1796 3330 ad
1861 3282 2266 3328 communem

271 3357 627 3445 utilitatem
684 3380 959 3447 referre.
1064 3381 1178 3447 Sic
1231 3382 1431 3470 igitur
1482 3382 1554 3447 iu
1604 3375 1942 3461 republica
2003 3374 2263 3460 qbidem

270 3489 419 3557 fieri
462 3490 699 3572 debet,
741 3504 815 3557 ut
858 3514 1004 3559 cum
1043 3492 1281 3579 aliquis
1324 3505 1571 3560 tautum
1613 3491 1923 3557 meruerit
1955 3505 2265 3552 ‘remune-

272 3606 409 3671 rari
457 3604 571 3671 vel
613 3618 801 3672 tanta
841 3627 1058 3692 poena
1095 3608 1350 3690 puniri,
1408 3604 1840 3684 deliberetur,
1882 3621 1969 3665 an
2009 3598 2071 3663 si
2111 3609 2259 3662 tau·

268 3730 409 3784 tum
447 3722 825 3804 praemium,
859 3723 926 3788 ei
981 3722 1170 3788 detur
1217 3733 1331 3788 aut
1371 3730 1559 3786 tanta
1608 3736 1825 3802 poena
1871 3710 2259 3779 multaretur

266 3831 671 3915 reipublicae
712 3835 1217 3921 praejudicetur.
1303 3832 1592 3900 Tantum
1633 3832 1806 3897 enim
1844 3835 2071 3913 posset
2107 3821 2255 3907 quis

264 3949 671 4012 remunerari
724 3968 845 4013 seu
889 3950 1090 4015 etiam
1129 3947 1381 4033 puniri,
1440 3944 1612 4032 quod
1651 3939 2025 4026 respublica
2069 3954 2252 4019 mag·-

261 4075 418 4128 num
471 4057 927 4130 detrimentum
976 4064 1133 4134 inde
1185 4073 1539 4151 pateretur.
1646 4057 1831 4123 Sicut
1884 4063 1991 4121 est
2029 4054 2101 4120 iu
2141 4067 2254 4114 re·
2326 4062 2363 4106 e

1741 4174 1784 4239 ⁷
1804 4168 1840 4211 ο
