2842 4800
570 398 684 474 84
794 458 797 459 f

573 574 644 636 in
680 570 1036 637 dilectione
1066 571 1222 653 Dei,
1271 592 1438 656 quae
1473 574 1869 641 sustentatio
1907 586 2010 642 est
2046 577 2301 642 animae
2329 578 2397 642 in
2441 599 2562 644 no-

574 687 678 754 bis
721 687 1221 773 augmentanda.
1292 687 1372 753 In
1414 686 1600 753 nullo
1641 690 1961 773 siquidem
2004 689 2278 757 aliorum
2310 704 2563 759 tantum

576 802 722 886 ejus
768 800 1118 866 dilectione
1163 799 1529 880 afficimur,
1575 805 1998 885 quantumin
2041 805 2192 870 isto.
2278 803 2359 871 In
2395 807 2561 873 ‘vino

573 934 833 999 quoque
876 915 1263 999 sanguinem
1305 934 1494 978 suum
1540 915 1700 978 dare
1758 914 2026 991 maluit,
2077 939 2266 1000 quam
2307 919 2377 981 in
2421 917 2559 983 alio

570 1039 770 1110 potu,
833 1029 984 1109 quia
1037 1047 1158 1107 per
1207 1027 1431 1091 vinum
1486 1025 1744 1099 laetitia
1799 1028 2225 1114 significatur.
2325 1029 2558 1096 Undez

516 1190 521 1199 ,
570 1152 643 1203 et
696 1141 918 1204 vinum
975 1137 1296 1204 laetificat
1349 1161 1465 1203 cor
1521 1138 1826 1207 hominia.
1921 1132 2051 1207 Per
2109 1142 2234 1207 hoc
2297 1165 2555 1228 quoqne

568 1265 795 1335 aperte
840 1253 1164 1330 ostendit,
1206 1250 1759 1317 inaestimabilem
1793 1250 2122 1319 laetitiam
2150 1278 2265 1337 per
2294 1258 2552 1338 passio-

528 1385 719 1429 -uem
777 1384 983 1427 suam.
1023 1362 1370 1428 Ecclesiae
1431 1364 1816 1444 affuturam,
1875 1387 2073 1448 quam·
2125 1366 2384 1444 Sancti,
2440 1370 2554 1451 qui

569 1492 725 1544 ante
785 1477 1136 1544 adventum
1199 1498 1387 1542 suum
1452 1478 1756 1557 fuerunt,
1835 1481 2110 1546 minime·
2164 1480 2551 1561 habuerunt,

573 1594 728 1675 quia
769 1590 1104 1653 moriendo
1150 1609 1282 1654 non
1335 1590 1702 1657 transibant
1750 1592 1833 1655 ad
1879 1593 2120 1672 vitam,
2177 1596 2306 1658 imo
2344 1596 2413 1658 in
2451 1599 2551 1660 in-

560 1706 755 1772 ferno
801 1701 1285 1771 detinebantur.
1368 1700 1561 1767 Unde
1600 1725 1721 1767 nec
1756 1725 1977 1770 eorum
2013 1706 2313 1773 natalitia
2345 1709 2415 1772 in
2441 1730 2549 1773 ec-

564 1817 776 1882 clesia
839 1816 1276 1882 celebrantur.
1381 1813 1491 1880 De
1559 1837 1729 1900 aqua
1791 1836 1925 1882 non
1987 1817 2309 1903 legimus,
2377 1821 2549 1904 quod

556 1928 867 1993 Christus
909 1927 1058 1992 huic
1100 1938 1513 2020 sacramento
1559 1926 1905 2027 addiderit.
1998 1928 2128 1993 Cur
2163 1933 2361 2017 igitur
2389 1935 2542 1997 vino

560 2038 997 2108 admiscetur?
1084 2040 1220 2104 Sed
1263 2039 1575 2118 dicimus,
1620 2040 1792 2123 quod
1831 2062 1948 2125 per
1988 2063 2220 2125 aquam
2270 2044 2548 2127 populu·

554 2159 854 2242 gentium
897 2153 1298 2239 designatur.
1385 2150 1578 2216 Unde
1614 2174 1825 2237 aquae
1859 2153 2100 2218 multae
2130 2135 2353 2237 populi
2379 2158 2545 2222 mul·

552 2272 646 2344 ti3
689 2279 764 2333 ut
808 2268 981 2332 enim
1035 2286 1290 2347 semper
1348 2266 1417 2329 in
1474 2264 1666 2328 fluxu‘
1714 2275 1781 2327 et
1827 2265 1897 2329 in
1939 2263 2306 2330 mobilitate
2349 2289 2546 2351 aqua,

540 2370 660 2449 ¹itu
699 2378 974 2465 populus
1017 2376 1136 2444 ille
1191 2379 1259 2443 in
1314 2377 1494 2442 fluxu
1553 2359 1765 2442 carnis
1812 2378 2351 2458 etinstabilitate
2386 2405 2543 2466 qua-

558 2494 708 2559 dam
752 2488 1188 2556 detinebatur.
1275 2486 1449 2556 Nam
1491 2489 1674 2554 nullo
1719 2489 1889 2578 legis
1932 2491 2043 2556 vel
2075 2492 2540 2576 Prophetarum

547 2611 715 2695 jugo
741 2607 1176 2684 refroenatus,
1206 2626 1323 2688 per
1345 2603 1532 2671 lucos
1568 2615 1637 2672 et
1664 2627 1812 2670 aras
1850 2606 2235 2673 daemonum
2261 2606 2413 2672 hinc
2436 2612 2543 2673 in·

555 2720 638 2785 de
663 2719 1064 2803 raptabatur.
1130 2716 1294 2783 Cum
1322 2718 1525 2802 igitur
1560 2730 1712 2782 ante
1741 2732 2016 2785 mortem
2049 2719 2294 2786 Christi
2335 2744 2538 2806 popu·

551 2833 657 2901 lus
688 2835 817 2897 iste
843 2833 914 2897 in
942 2830 1312 2896 Ecclesiam
1344 2852 1477 2895 nou
1506 2833 1838 2912 intrasset,
1882 2855 2014 2897 non
2052 2847 2196 2899 erat
2232 2838 2539 2901 conveni-

555 2969 711 3028 ens,
747 2947 918 3032 quod
947 2967 1153 3030 aqua,
1197 2967 1365 3030 quae
1389 2946 1693 3033 gaudium
1728 2947 1810 3012 de
1844 2950 1989 3033 ejus
2015 2944 2285 3013 introitu
2321 2952 2540 3037 expri-

544 3064 691 3142 mit,
719 3061 1088 3126 adderetur.
1155 3057 1319 3124 Cum
1341 3080 1501 3123 vero
1530 3055 1766 3144 postea
1794 3062 2093 3142 intraret,
2126 3064 2428 3135 Ecclesia
2452 3061 2564 3131 de'

540 3177 694 3258 ejus
718 3175 986 3238 introitu
1019 3183 1085 3236 et
1115 3171 1433 3235 societate
1460 3171 1777 3258 gaudens,
1804 3194 2037 3257 aquam
2069 3175 2388 3260 adjunxit.
2431 3176 2540 3242 De

546 3285 870 3352 fractione
911 3283 1070 3363 illa,
1116 3304 1284 3367 quae
1324 3283 1418 3346 ibi
1470 3296 1773 3366 apparet,
1819 3285 2064 3373 ambigi
2097 3286 2270 3352 solet
2304 3289 2537 3354 simili-

548 3411 674 3480 ter,
720 3419 805 3463 an
843 3400 1051 3480 ipsum
1099 3418 1332 3479 corpus
1380 3394 1672 3477 Christi,
1717 3399 1885 3462 sicut
1925 3421 2083 3465 vere
2126 3414 2229 3472 est
2269 3403 2399 3480 ibi,
2439 3405 2540 3469 ita

545 3516 616 3580 in
650 3514 927 3576 veritate
960 3509 1326 3596 frangatur.
1371 3509 1504 3574 Sed
1538 3510 1831 3591 dicimus,
1861 3513 2038 3595 quod
2061 3514 2230 3578 sicut
2263 3536 2412 3580 esse
2441 3518 2539 3582 vi-

544 3625 736 3689 detur
774 3624 1005 3706 panis,
1048 3633 1116 3685 et
1148 3642 1278 3686 non
1321 3632 1466 3700 est,
1508 3622 1767 3692 videtur
1804 3645 2058 3707 quoque
2097 3627 2320 3692 vinum
2357 3649 2536 3707 esse,
2595 3669 2604 3682 .

544 3759 692 3802 cum
736 3747 955 3799 tamen
997 3735 1222 3800 vinum
1267 3754 1397 3797 non
1442 3735 1566 3800 sit:
1629 3737 1727 3798 sic
1771 3733 2032 3801 videtur
2070 3738 2331 3826 frangi,
2389 3761 2536 3808 eum

545 3850 932 3928 fractionem
996 3845 1246 3914 nullam
1301 3847 1576 3927 recipiat
1627 3845 2004 3932 nullamque
2060 3854 2337 3935 partium
2391 3874 2535 3917 sec-

543 3962 788 4025 tionem
832 3960 1166 4042 suscipiat.
1251 3954 1394 4024 Nec
1454 3971 1556 4024 est
1610 3950 1878 4042 prbpter
1934 3959 2063 4027 hoc
2115 3962 2536 4046 phantastica

540 4074 711 4138 visio
774 4069 933 4151 illa,
1010 4072 1164 4157 quia
1218 4087 1352 4137 non
1411 4082 1515 4139 est
1565 4072 1648 4140 ad
1705 4072 2161 4164 deceptionem
2214 4077 2327 4154 vel
2376 4077 2535 4146 fidoi
