2842 4800
2188 345 2300 430 87

297 522 535 587 eodem
579 531 871 605 tempore
912 523 979 586 in
1026 517 1304 586 diversis
1348 519 1518 586 locis
1560 518 1874 598 habetur,
1935 520 2150 597 sicut,
2192 518 2297 581 in-

297 657 528 718 quam,
576 633 741 700 haec
787 635 1006 698 omnia
1049 635 1133 699 ad
1182 632 1710 720 singularitatem
1763 631 1945 696 illius
2001 631 2296 711 corporis

298 750 618 827 attinent,
663 751 760 812 sic
803 749 979 813 istud
1024 771 1321 833 quoque,
1382 748 1553 832 quod
1598 748 1893 811 diversas
1936 744 2133 810 simul
2178 744 2298 810 ha-

298 861 415 926 bet
458 862 728 927 formaS.
798 862 869 926 Si
914 865 1086 928 enim
1129 860 1255 927 h'oc
1298 873 1399 927 est
1444 860 1918 939 admirandum,
1963 857 2304 923 nihilomi-'

298 993 424 1038 nus
467 974 968 1065 unumquodque
1021 971 1302 1038 aliorum
1361 983 1624 1036 constat
1677 993 1827 1036 esse
1883 970 2295 1053 stupendum,
2369 953 2378 967 ¹

300 1091 477 1174 quod
523 1075 755 1155 omnia⁴
786 1090 869 1155 de
913 1111 995 1154 eo
1040 1099 1194 1153 sunt
1236 1087 1639 1152 admiranda.
1727 1087 1983 1154 Manna
2038 1107 2297 1171 quoquo

296 1202 497 1295 liujus
521 1178 660 1266 veri
689 1205 876 1285 panis
901 1212 1378 1266 sacramentum
1398 1202 1725 1278 extitisse,
1755 1211 1980 1282 aperte
2005 1202 2300 1265 insinua·

298 1315 420 1380 vi‘t.
491 1315 655 1379 Cum
691 1314 1014 1399 siquidem
1042 1313 1201 1378 filiis
1235 1312 1448 1378 Israel
1491 1334 1730 1379 nianna
1766 1311 2048 1396 plueret,
2093 1312 2300 1378 admi-

296 1439 562 1506 rantes,
607 1427 761 1511 quid
807 1439 1026 1506 esset,
1069 1427 1353 1491 invicem
1397 1424 1838 1510 quaerebant:
1904 1423 2184 1506 Manhu,
2228 1425 2299 1489 id

300 1549 445 1617 est,
494 1539 648 1622 quid
692 1553 794 1602 est
837 1537 1015 1603 hoc?
1100 1538 1352 1602 Eodem
1393 1537 1592 1602 modo
1634 1536 1745 1602 hic
1781 1558 2040 1627 semper
2074 1537 2302 1622 quaeri

296 1664 558 1737 potest:
608 1650 780 1728 Quid
827 1665 929 1715 est
971 1651 1148 1717 hoc?
1237 1648 1495 1734 Quippe
1543 1673 1667 1716 nec
1719 1649 2069 1716 humanum
2110 1653 2300 1737 inge·

300 1769 483 1830 nium
538 1786 662 1829 nec
713 1763 945 1850 lingua
1001 1765 1422 1848 depromere,
1490 1763 1643 1849 quid
1686 1765 1813 1842 sit,
1873 1744 2069 1846 plene
2112 1763 2299 1830 suffi-

301 1879 415 1943 cit.
480 1877 554 1941 Si
610 1879 784 1943 enim
840 1872 1142 1941 nolumus
1200 1878 1463 1957 dicere,
1534 1876 1708 1961 quod
1764 1876 1950 1942 illius
2006 1881 2301 1960 corporis

301 1995 393 2057 sit
452 1972 621 2056 haec
685 1992 943 2070 forma,
1008 2011 1356 2073 possumus
1422 1991 1589 2059 satis
1646 1990 1913 2066 dicere;
1998 1992 2173 2076 quod
2217 1994 2300 2095 ,in

306 2110 466 2169 aere
511 2107 599 2171 sit
642 2102 763 2168 illa
816 2105 1028 2168 forma
1086 2104 1170 2167 ad
1227 2102 1736 2209 occultationem
1792 2116 2058 2187 propter
2112 2125 2302 2187 prae·

304 2218 551 2282 dictam
601 2238 864 2280 causam
910 2217 1127 2280 carnis
1171 2227 1242 2280 et
1298 2216 1641 2302 sanguinis
1695 2228 2072 2295 reservata,
2131 2217 2304 2282 sicut

306 2329 523 2395 forma
566 2327 849 2393 humana
900 2329 969 2392 in
1013 2332 1169 2393 ae're
1209 2338 1352 2409 est,
1426 2329 1689 2412 qnando
1749 2327 2026 2414 angelus
2067 2331 2139 2394 in
2182 2328 2302 2393 ho-

299 2447 478 2510 mine
535 2456 826 2531 apparet.
911 2441 1020 2509 De
1066 2442 1230 2523 hoc,
1292 2443 1466 2528 quod
1511 2443 1921 2531 negligentia
1963 2447 2299 2510 ministro-

300 2579 441 2622 rum
507 2558 777 2620 evenire
844 2554 1057 2637 solet,
1151 2555 1324 2640 quod
1389 2554 1653 2620 scilicet
1715 2577 1934 2621 mures
1996 2557 2304 2648 videntur

299 2645 537 2734 rodere
583 2680 647 2732 et
689 2670 759 2732 in
806 2689 921 2731 ore
963 2681 1228 2750 portare
1274 2689 1508 2750 corpus
1550 2667 1760 2748 illud,
1826 2676 2058 2753 quaeri
2101 2669 2300 2735 solet.

305 2780 436 2845 Sed
471 2781 768 2858 dicimuS,
815 2779 987 2863 quod
1029 2778 1215 2844 Deus
1260 2777 1428 2843 illud
1483 2800 1616 2845 non
1660 2780 1926 2845 dimittit
1961 2780 2095 2861 ibi,
2137 2793 2212 2846 ut
2253 2804 2297 2847 a

304 2903 436 2957 tam
480 2894 650 2974 turpi
694 2891 963 2956 animali
1020 2902 1376 2966 tractetur3
1443 2892 1563 2956 sed
1605 2903 1824 2957 tamen
1866 2905 2167 2958 remanet
2206 2893 2304 2969 ibi

302 3004 519 3071 forma
583 3004 667 3068 ad
723 3003 1197 3090 negligentiam
1240 3004 1682 3069 ministrorum
1741 3006 2218 3092 corrigendam.

294 3094 303 3103 ⁵
470 3114 662 3182 Nunc
720 3117 802 3180 de
840 3115 1162 3181 'efficacia
1216 3113 1413 3201 hujus
1481 3119 1878 3182 sacramenti
1935 3119 2300 3205 videamus9

304 3231 625 3297 Efficacia
670 3232 843 3294 enim
886 3228 1084 3315 hujus
1127 3232 1344 3314 major
1387 3241 1458 3294 et
1500 3231 1736 3295 fortior
1772 3243 1910 3313 est,
1952 3251 2144 3317 quam
2179 3233 2305 3300 ali.

306 3347 492 3430 cujus
536 3343 852 3421 alterius,
918 3343 1070 3427 quia
1110 3344 1182 3407 in
1231 3355 1484 3409 tantum
1526 3344 1907 3426 confirmat,
1974 3347 2147 3430 quod
2190 3349 2306 3431 qui

292 3433 544 3523 ‘devote
611 3456 889 3539 accipit,
950 3455 1255 3539 quamdiu
1308 3477 1430 3539 per
1485 3457 1932 3523 infirmitatem
1974 3480 2160 3524 suam
2199 3462 2307 3546 ip-

296 3592 448 3667 sum
494 3592 537 3634 a
598 3590 675 3636 se
733 3590 865 3632 non
923 3568 1184 3651 rejicit,
1251 3566 1504 3634 nullam
1564 3568 1816 3635 diaboli
1874 3577 2308 3640 tentationem

304 3665 584 3769 patitur,
629 3684 785 3768 quia
812 3705 927 3766 per
953 3683 1148 3767 hujus
1178 3679 1615 3749 eucharistiae
1646 3688 2134 3768 perceptionem
2163 3688 2307 3752 dia·-

303 3794 495 3862 bolus
542 3797 824 3862 vincitur
883 3806 951 3860 et
992 3794 1308 3883 religatur
1368 3808 1436 3862 et
1487 3796 1654 3865 *licet
1692 3799 1762 3863 in
1804 3821 1919 3881 se,
1983 3802 2093 3885 qui
2145 3799 2306 3866 talis

298 3897 446 3989 est,
492 3930 749 3991 semper
773 3914 858 3990 24)
903 3906 1185 3989 habeat,
1229 3922 1450 3975 tamen
1493 3911 1706 3995 ipsum
1760 3933 2020 3999 semper
2069 3915 2308 4000 recipit

308 4033 374 4087 et
414 4024 484 4089 in
527 4042 607 4087 eo
653 4007 1096 4088 habitaculum
1138 4020 1339 4089 facit.'
