2842 4800
290 570 802 641 fructificantem
845 567 1067 636 herbis
1112 579 1183 633 et
1221 565 1424 655 lignis
1470 578 1539 632 et
1579 565 1975 634 animalibus
2012 566 2305 653 plenam,
2354 580 2374 603 ⁴·

290 705 481 749 mare
528 684 789 769 quantis
832 679 1218 747 natatilibus
1261 677 1531 768 plenum
1572 690 1701 761 est,
1746 683 1864 746 ae‘r
1897 682 2306 766 quantis'vo-
2369 606 2402 797 >
2493 681 2500 691 ’

280 796 618 864 inutilibus.
704 793 1087 882 Interroga.
1128 794 1348 859 omnia
1404 805 1475 857 et
1526 789 1721 874 'vide,
1783 794 1845 858 si
1903 815 2037 859 nou
2080 798 2308 879 specie
2369 806 2384 859 s

288 933 418 977 sua
462 922 794 993 tamquam
838 929 1004 973 voce
1049 905 1169 972 tibi
1209 889 1678 990 respondeant,
1719 906 1907 975 Deus
1946 928 2069 975 uos
2110 907 2301 974 fecit.
2367 928 2380 1005 j

291 1020 449 1087 Hoc
488 1018 867 1104 philosophi
910 1017 1169 1085 nobiles
1217 1021 1641 1105 quaesierunt
1692 1032 1761 1085 et
1827 1042 1915 1087 ex
1956 1035 2101 1086 arte
2143 1022 2307 1085 arti·
2347 1010 2372 1077 ἱ

289 1134 493 1201 ficem
537 1144 1016 1220 coguoverunt.
1102 1130 1399 1197 isidorus
1445 1131 1529 1197 de
1560 1153 1811 1198 summo
1839 1132 2015 1199 bono
2042 1133 2216 1201 liber
2239 1133 2301 1200 1.

293 1259 491 1330 caput
544 1255 613 1312 4.
717 1245 905 1310 Sicut
961 1243 1111 1311 laus
1180 1247 1398 1328 operis
1456 1246 1527 1310 in
1581 1245 1903 1312 artificem
1968 1259 2307 1334 retorquet

291 1359 599 1439 laudem,
656 1360 753 1423 ita
810 1369 879 1423 et
945 1379 1164 1424 rerum
1205 1370 1468 1425 creator
1527 1380 1647 1442 per
1702 1371 2069 1425 creaturam
2109 1381 2301 1426 suam

292 1471 605 1539 laudatur
660 1484 727 1536 et
786 1482 1030 1556 quanto
1096 1473 1186 1537 sit
1227 1470 1668 1538 excellentior
1730 1495 1820 1539 ex
1881 1475 2028 1557 ipsa
2086 1476 2304 1561 operis

298 1590 682 1654 conditione
738 1601 1157 1654 monstratur.
1246 1589 1414 1655 Item
1457 1587 2092 1685 collaudant'Deum
2133 1591 2305 1654 invi-

293 1700 524 1766 sibilia
557 1725 676 1785 per
696 1724 844 1783 uos,
890 1704 1040 1769 dum
1071 1724 1154 1767 ea
1179 1703 1673 1773 considerantes
1713 1702 1901 1791 [etc.]
1929 1712 1988 1784 ⁹)
2057 1701 2303 1768 Dicunt

296 1815 596 1898 antiqui,
659 1818 814 1900 quia
859 1815 1027 1881 nihil
1069 1819 1193 1897 sit,
1244 1816 1415 1901 quod
1461 1838 1594 1882 non
1637 1838 1903 1882 sensum
1946 1812 2192 1881 habeat
2230 1819 2303 1881 iu

294 1922 540 1991 Deum.
625 1924 839 1994 Nemo
897 1931 1121 2013 itaque
1184 1933 1495 2008 miretur,
1565 1930 1627 1994 si
1694 1927 1779 1993 ab
1834 1930 1998 2013 ipsis
2044 1949 2302 2013 quoque

294 2037 737 2125 philosophiS,
782 2045 892 2128 qui
935 2055 1308 2110 sanctorum
1347 2042 1822 2109 assertionibus
1866 2044 1954 2108 ad
1995 2043 2303 2108 divinita-

296 2157 385 2220 tis
444 2159 748 2222 notitiam
804 2160 951 2240 ipso
1008 2159 1205 2222 etiam
1271 2159 1534 2224 domino
1588 2156 1929 2222 revelante
1986 2175 2302 2220 conscen-

296 2267 572 2349 derunt,
618 2271 998 2336 testimonia
1037 2271 1443 2336 inducamus,
1529 2270 1727 2334 Licet
1770 2289 1994 2334 eorum
2038 2266 2303 2352 plurimi

298 2379 383 2447 ab
426 2384 573 2465 ipso
619 2405 876 2469 quoque
921 2383 1223 2469 apostolo
1266 2386 1560 2471 graviter
1592 2393 1974 2471 arguantur,
2021 2405 2101 2448 eo
2128 2381 2304 2468 quod

287 2496 489 2579 juxta
544 2494 745 2574 illud,
813 2497 986 2580 quod
1041 2500 1345 2580 ipsemet·
1381 2500 1511 2579 ait,
1577 2498 1860 2564 scientia
1918 2498 2144 2578 inflat,
2212 2520 2301 2563 ex

296 2608 563 2673 divinae
642 2613 921 2675 notitiae
999 2613 1464 2699 praerogativa
1529 2610 1968 2695 superbiendo
2034 2609 2300 2695 reprobi

296 2722 460 2788 facti
504 2736 681 2788 sunt.
766 2723 919 2791 Non
966 2729 1140 2791 enim
1199 2747 1315 2791 eos
1372 2726 1499 2791 hoc
1541 2724 1694 2790 loco
1736 2727 1806 2789 in
1851 2724 2156 2809 exemplo
2199 2726 2300 2790 vi-

292 2838 501 2902 vendi
543 2842 972 2920 assumimus,
1032 2840 1152 2905 sed
1208 2839 1484 2904 docendi
1527 2840 1673 2905 sive
1718 2839 2074 2918 credendi,
2129 2838 2299 2903 sicut

296 2964 369 3017 et
411 2951 835 3018 Salomonem
891 2954 1294 3038 frequenter.
1385 2951 1593 3037 Cujus
1651 2964 1871 3018 tamen
1931 2953 2298 3035 sapientiae

296 3062 705 3140 excellentia
745 3067 951 3150 ipsius
1010 3069 1207 3132 etiam
1270 3065 1519 3132 domini
1576 3067 1951 3132 testimonio
1996 3062 2296 3130 omnibus

294 3177 772 3260 praeferenda,
840 3200 959 3262 per
1023 3180 1617 3263 concupiscentiam
1687 3176 2116 3263 carnalesque
2178 3199 2297 3242 vo·

292 3288 586 3374 luptates
634 3271 894 3357 dericta
932 3291 1285 3358 idolatriae
1328 3293 1775 3371 consenserit,
1820 3290 2044 3356 divino
2088 3287 2297 3371 cultu,

299 3424 494 3486 quem
535 3405 608 3467 in
649 3406 908 3489 scriptis
953 3404 1091 3471 suis
1135 3403 1415 3471 docebat
1473 3416 1540 3469 et
1581 3400 2042 3487 praedicabat,
2106 3402 2297 3469 dere·

293 3511 480 3580 licto.
551 3513 677 3606 ’ᾼᾱ
742 3537 933 3601 quem
993 3518 1190 3583 etiam
1243 3516 1378 3583 Dei
1437 3515 1687 3582 cultum
1744 3515 2296 3605 magnificandum

291 3629 440 3716 ipse
495 3629 691 3713 jussu
753 3628 890 3697 Dei
949 3629 1263 3714 templum
1324 3630 1735 3711 aedificarit,
1807 3653 1849 3697 a
1921 3652 2048 3716 quo
2104 3642 2296 3716 pater

178 3741 183 3748 ’
295 3742 442 3825 ejus
477 3743 699 3826 justus
740 3741 1058 3809 inhibitus
1113 3742 1263 3809 fuit.
1352 3741 1540 3810 Deus
1600 3756 1819 3811 autem
1878 3744 2178 3829 reprobis
2225 3757 2295 3811 et

292 3851 676 3920 infidelibus
706 3875 1171 3944 nonuunquam
1203 3857 1497 3956 maxima
1522 3855 1699 3924 dona
1724 3855 2079 3938 distribuit,
2121 3877 2294 3943 quae

294 3965 575 4033 aliorum
641 3969 979 4036 doctrinae
1051 3968 1163 4037 vel
1231 3972 1381 4038 usui
1443 3971 1825 4039 necessaria
1880 3970 2028 4036 fore
2082 3971 2290 4037 videt.

302 4076 463 4147 Nec.
494 4101 630 4148 non
673 4084 901 4151 etiam'
930 4103 1049 4168 per
1089 4083 1409 4168 reprobos
1451 4082 1662 4151 multa
1698 4082 2018 4152 miracula
2060 4102 2294 4170 opera-

1837 4198 1879 4260 3
