<?xml version="1.0" encoding="UTF-8"?>
<!DOCTYPE html PUBLIC "-//W3C//DTD XHTML 1.0 Transitional//EN"
    "http://www.w3.org/TR/xhtml1/DTD/xhtml1-transitional.dtd">
<html xmlns="http://www.w3.org/1999/xhtml" xml:lang="en" lang="en">
 <head>
  <title>
</title>
<meta http-equiv="Content-Type" content="text/html;charset=utf-8" />
  <meta name='ocr-system' content='tesseract 3.04.00' />
  <meta name='ocr-capabilities' content='ocr_page ocr_carea ocr_par ocr_line ocrx_word'/>
</head>
<body>
  <div class='ocr_page' id='page_1' title='image "./epitometheologi00rheigoog_0023.png"; bbox 0 0 2842 4800; ppageno 0'>
   <div class='ocr_carea' id='block_1_1' title="bbox 2140 430 2318 503">
    <p class='ocr_par' dir='ltr' id='par_1_1' title="bbox 2140 430 2318 503">
     <span class='ocr_line' id='line_1_1' title="bbox 2140 430 2318 503; baseline 0.006 -2"><span class='ocrx_word' id='word_1_1' title='bbox 2140 430 2318 503; x_wconf 86' lang='lat' dir='ltr'><strong>XIX</strong></span> 
     </span>
    </p>
   </div>
   <div class='ocr_carea' id='block_1_2' title="bbox 184 592 2322 2632">
    <p class='ocr_par' dir='ltr' id='par_1_2' title="bbox 184 592 2322 2632">
     <span class='ocr_line' id='line_1_2' title="bbox 184 592 2322 718; baseline 0.002 -27"><span class='ocrx_word' id='word_1_2' title='bbox 184 592 193 599; x_wconf 40' lang='lat'>⁸</span> <span class='ocrx_word' id='word_1_3' title='bbox 290 608 1001 718; x_wconf 70' lang='lat' dir='ltr'><strong>comparationem</strong></span> <span class='ocrx_word' id='word_1_4' title='bbox 1049 607 1542 690; x_wconf 75' lang='lat' dir='ltr'><strong>instituimus</strong></span> <span class='ocrx_word' id='word_1_5' title='bbox 1594 607 1669 665; x_wconf 67' lang='lat'><strong>¹⁴³</strong></span> <span class='ocrx_word' id='word_1_6' title='bbox 1698 668 1724 710; x_wconf 84' lang='lat'>,</span> <span class='ocrx_word' id='word_1_7' title='bbox 1799 608 2168 693; x_wconf 76' lang='lat' dir='ltr'><strong>eundem&#39;</strong></span> <span class='ocrx_word' id='word_1_8' title='bbox 2201 608 2322 695; x_wconf 79' lang='lat' dir='ltr'><strong>vi·</strong></span> 
     </span>
     <span class='ocr_line' id='line_1_3' title="bbox 294 757 2316 861; baseline 0.001 -25"><span class='ocrx_word' id='word_1_9' title='bbox 294 782 499 836; x_wconf 79' lang='lat' dir='ltr'><strong>rum</strong></span> <span class='ocrx_word' id='word_1_10' title='bbox 518 760 630 838; x_wconf 87' lang='lat' dir='ltr'><strong>ab</strong></span> <span class='ocrx_word' id='word_1_11' title='bbox 662 757 1390 853; x_wconf 79' lang='lat' dir='ltr'><strong>omniauctoritate</strong></span> <span class='ocrx_word' id='word_1_12' title='bbox 1427 757 1790 839; x_wconf 82' lang='lat' dir='ltr'><strong>humana</strong></span> <span class='ocrx_word' id='word_1_13' title='bbox 1825 758 2204 861; x_wconf 83' lang='lat' dir='ltr'><strong>liberum,</strong></span> <span class='ocrx_word' id='word_1_14' title='bbox 2239 758 2316 814; x_wconf 73' lang='lat'><strong>¹⁸)</strong></span> 
     </span>
     <span class='ocr_line' id='line_1_4' title="bbox 296 904 2314 1016; baseline 0.002 -32"><span class='ocrx_word' id='word_1_15' title='bbox 296 904 821 1012; x_wconf 78' lang='lat' dir='ltr'><strong>ingeniosum</strong></span> <span class='ocrx_word' id='word_1_16' title='bbox 860 906 991 985; x_wconf 83' lang='lat' dir='ltr'><strong>&#39;ac</strong></span> <span class='ocrx_word' id='word_1_17' title='bbox 1064 930 1309 1013; x_wconf 84' lang='lat' dir='ltr'><strong>saepe</strong></span> <span class='ocrx_word' id='word_1_18' title='bbox 1384 904 1790 986; x_wconf 85' lang='lat' dir='ltr'><strong>audacem</strong></span> <span class='ocrx_word' id='word_1_19' title='bbox 1858 907 2314 1016; x_wconf 83' lang='lat' dir='ltr'><strong>scripturae</strong></span> 
     </span>
     <span class='ocr_line' id='line_1_5' title="bbox 294 1052 2315 1153; baseline 0.001 -22"><span class='ocrx_word' id='word_1_20' title='bbox 294 1074 582 1131; x_wconf 82' lang='lat' dir='ltr'><strong>sacrae</strong></span> <span class='ocrx_word' id='word_1_21' title='bbox 633 1064 1366 1133; x_wconf 71' lang='lat' dir='ltr'><strong>commentatorem</strong></span> <span class='ocrx_word' id='word_1_22' title='bbox 1387 1108 1413 1153; x_wconf 86' lang='lat'><strong>,</strong></span> <span class='ocrx_word' id='word_1_23' title='bbox 1478 1065 1951 1141; x_wconf 83' lang='lat' dir='ltr'><strong>accuratum</strong></span> <span class='ocrx_word' id='word_1_24' title='bbox 1999 1067 2083 1134; x_wconf 88' lang='lat' dir='ltr'><strong>et</strong></span> <span class='ocrx_word' id='word_1_25' title='bbox 2143 1052 2315 1135; x_wconf 80' lang='lat' dir='ltr'><strong>‹lili-</strong></span> 
     </span>
     <span class='ocr_line' id='line_1_6' title="bbox 293 1193 2309 1308; baseline 0.001 -32"><span class='ocrx_word' id='word_1_26' title='bbox 293 1210 635 1305; x_wconf 77' lang='lat' dir='ltr'><strong>gentem</strong></span> <span class='ocrx_word' id='word_1_27' title='bbox 670 1193 1175 1308; x_wconf 65' lang='lat' dir='ltr'><strong>antiqnitatis</strong></span> <span class='ocrx_word' id='word_1_28' title='bbox 1210 1212 1916 1306; x_wconf 71' lang='lat' dir='ltr'><strong>perscrutatorem</strong></span> <span class='ocrx_word' id='word_1_29' title='bbox 1963 1220 2120 1279; x_wconf 83' lang='lat' dir='ltr'><strong>nec</strong></span> <span class='ocrx_word' id='word_1_30' title='bbox 2159 1194 2309 1278; x_wconf 83' lang='lat' dir='ltr'><strong>mi-</strong></span> 
     </span>
     <span class='ocr_line' id='line_1_7' title="bbox 295 1340 2311 1453; baseline 0.003 -34"><span class='ocrx_word' id='word_1_31' title='bbox 295 1368 449 1421; x_wconf 86' lang='lat' dir='ltr'><strong>nus</strong></span> <span class='ocrx_word' id='word_1_32' title='bbox 478 1340 898 1422; x_wconf 86' lang='lat' dir='ltr'><strong>hominem</strong></span> <span class='ocrx_word' id='word_1_33' title='bbox 927 1342 1342 1453; x_wconf 78' lang='lat' dir='ltr'><strong>perfectae</strong></span> <span class='ocrx_word' id='word_1_34' title='bbox 1373 1344 1658 1424; x_wconf 87' lang='lat' dir='ltr'><strong>aetatis</strong></span> <span class='ocrx_word' id='word_1_35' title='bbox 1691 1372 1883 1425; x_wconf 86' lang='lat' dir='ltr'><strong>suae</strong></span> <span class='ocrx_word' id='word_1_36' title='bbox 1920 1370 2018 1425; x_wconf 87' lang='lat' dir='ltr'><strong>ac</strong></span> <span class='ocrx_word' id='word_1_37' title='bbox 2046 1345 2311 1426; x_wconf 87' lang='lat' dir='ltr'><strong>varia·</strong></span> 
     </span>
     <span class='ocr_line' id='line_1_8' title="bbox 292 1462 2309 1602; baseline 0 -34"><span class='ocrx_word' id='word_1_38' title='bbox 292 1514 487 1568; x_wconf 90' lang='lat' dir='ltr'><strong>rum</strong></span> <span class='ocrx_word' id='word_1_39' title='bbox 546 1490 1023 1598; x_wconf 84' lang='lat' dir='ltr'><strong>opinionum</strong></span> <span class='ocrx_word' id='word_1_40' title='bbox 1082 1492 1166 1570; x_wconf 90' lang='lat' dir='ltr'><strong>in</strong></span> <span class='ocrx_word' id='word_1_41' title='bbox 1224 1519 1321 1572; x_wconf 93' lang='lat' dir='ltr'><strong>ea</strong></span> <span class='ocrx_word' id='word_1_42' title='bbox 1369 1491 1871 1572; x_wconf 74' lang='lat' dir='ltr'><strong>auctoritatis</strong></span> <span class='ocrx_word' id='word_1_43' title='bbox 1930 1464 2122 1602; x_wconf 64' lang='lat' dir='ltr'><strong>quid</strong></span> <span class='ocrx_word' id='word_1_44' title='bbox 2170 1462 2309 1569; x_wconf 73' lang='lat' dir='ltr'><strong>ha-</strong></span> 
     </span>
     <span class='ocr_line' id='line_1_9' title="bbox 290 1627 2308 1751; baseline 0 -39"><span class='ocrx_word' id='word_1_45' title='bbox 290 1627 661 1714; x_wconf 78' lang='lat' dir='ltr'><strong>bentium</strong></span> <span class='ocrx_word' id='word_1_46' title='bbox 679 1637 964 1716; x_wconf 88' lang='lat' dir='ltr'><strong>notitia</strong></span> <span class='ocrx_word' id='word_1_47' title='bbox 979 1635 1498 1751; x_wconf 72' lang='lat' dir='ltr'><strong>gaudentem,</strong></span> <span class='ocrx_word' id='word_1_48' title='bbox 1541 1637 2027 1745; x_wconf 89' lang='lat' dir='ltr'><strong>reperimus.</strong></span> <span class='ocrx_word' id='word_1_49' title='bbox 2083 1630 2308 1715; x_wconf 89' lang='lat' dir='ltr'><strong>Idem</strong></span> 
     </span>
     <span class='ocr_line' id='line_1_10' title="bbox 298 1749 2306 1889; baseline 0.001 -31"><span class='ocrx_word' id='word_1_50' title='bbox 298 1806 646 1889; x_wconf 85' lang='lat' dir='ltr'><strong>prorsus</strong></span> <span class='ocrx_word' id='word_1_51' title='bbox 679 1782 948 1863; x_wconf 90' lang='lat' dir='ltr'><strong>locum</strong></span> <span class='ocrx_word' id='word_1_52' title='bbox 975 1749 1329 1884; x_wconf 83' lang='lat' dir='ltr'><strong>habebit,</strong></span> <span class='ocrx_word' id='word_1_53' title='bbox 1364 1785 1435 1863; x_wconf 86' lang='lat' dir='ltr'><strong>si</strong></span> <span class='ocrx_word' id='word_1_54' title='bbox 1461 1792 1899 1864; x_wconf 84' lang='lat' dir='ltr'><strong>tractatum</strong></span> <span class='ocrx_word' id='word_1_55' title='bbox 1929 1794 2306 1862; x_wconf 85' lang='lat' dir='ltr'><strong>nostrum</strong></span> 
     </span>
     <span class='ocr_line' id='line_1_11' title="bbox 297 1922 2304 2039; baseline 0 -33"><span class='ocrx_word' id='word_1_56' title='bbox 297 1951 485 2006; x_wconf 87' lang='lat' dir='ltr'><strong>cum</strong></span> <span class='ocrx_word' id='word_1_57' title='bbox 524 1930 814 2009; x_wconf 88' lang='lat' dir='ltr'><strong>ceteris</strong></span> <span class='ocrx_word' id='word_1_58' title='bbox 861 1928 1299 2011; x_wconf 84' lang='lat' dir='ltr'><strong>Ahaelardi</strong></span> <span class='ocrx_word' id='word_1_59' title='bbox 1326 1922 1694 2039; x_wconf 65' lang='lat' dir='ltr'><strong>scriptia,‘</strong></span> <span class='ocrx_word' id='word_1_60' title='bbox 1711 1928 2086 2037; x_wconf 77' lang='lat' dir='ltr'><strong>inprimis</strong></span> <span class='ocrx_word' id='word_1_61' title='bbox 2115 1951 2304 2007; x_wconf 88' lang='lat' dir='ltr'><strong>cum</strong></span> 
     </span>
     <span class='ocr_line' id='line_1_12' title="bbox 296 2071 2299 2182; baseline 0.001 -33"><span class='ocrx_word' id='word_1_62' title='bbox 296 2071 748 2181; x_wconf 82' lang='lat' dir='ltr'><strong>Theologia</strong></span> <span class='ocrx_word' id='word_1_63' title='bbox 781 2074 1218 2156; x_wconf 85' lang='lat' dir='ltr'><strong>christiana</strong></span> <span class='ocrx_word' id='word_1_64' title='bbox 1274 2089 1357 2155; x_wconf 92' lang='lat' dir='ltr'><strong>et</strong></span> <span class='ocrx_word' id='word_1_65' title='bbox 1397 2074 1991 2157; x_wconf 82' lang='lat' dir='ltr'><strong>commentario</strong></span> <span class='ocrx_word' id='word_1_66' title='bbox 2044 2072 2132 2152; x_wconf 90' lang='lat' dir='ltr'><strong>in</strong></span> <span class='ocrx_word' id='word_1_67' title='bbox 2170 2099 2299 2182; x_wconf 89' lang='lat' dir='ltr'><strong>ep.</strong></span> 
     </span>
     <span class='ocr_line' id='line_1_13' title="bbox 294 2216 2299 2330; baseline 0.001 -34"><span class='ocrx_word' id='word_1_68' title='bbox 294 2216 396 2297; x_wconf 85' lang='lat' dir='ltr'><strong>ad</strong></span> <span class='ocrx_word' id='word_1_69' title='bbox 416 2218 835 2301; x_wconf 85' lang='lat' dir='ltr'><strong>Romanos</strong></span> <span class='ocrx_word' id='word_1_70' title='bbox 856 2233 1094 2330; x_wconf 86' lang='lat' dir='ltr'><strong>atque</strong></span> <span class='ocrx_word' id='word_1_71' title='bbox 1113 2219 1596 2328; x_wconf 78' lang='lat' dir='ltr'><strong>fragmentis</strong></span> <span class='ocrx_word' id='word_1_72' title='bbox 1621 2248 1727 2301; x_wconf 88' lang='lat' dir='ltr'><strong>ex</strong></span> <span class='ocrx_word' id='word_1_73' title='bbox 1759 2217 1927 2329; x_wconf 87' lang='lat' dir='ltr'><strong>ejus</strong></span> <span class='ocrx_word' id='word_1_74' title='bbox 1946 2217 2299 2327; x_wconf 85' lang='lat' dir='ltr'><strong>scriptis,</strong></span> 
     </span>
     <span class='ocr_line' id='line_1_14' title="bbox 293 2364 2305 2478; baseline 0 -32"><span class='ocrx_word' id='word_1_75' title='bbox 293 2392 500 2478; x_wconf 81' lang='lat' dir='ltr'><strong>quae</strong></span> <span class='ocrx_word' id='word_1_76' title='bbox 609 2364 824 2477; x_wconf 85' lang='lat' dir='ltr'><strong>apud</strong></span> <span class='ocrx_word' id='word_1_77' title='bbox 904 2364 1420 2452; x_wconf 82' lang='lat' dir='ltr'><strong>adversarios</strong></span> <span class='ocrx_word' id='word_1_78' title='bbox 1535 2381 1818 2450; x_wconf 87' lang='lat' dir='ltr'><strong>extant</strong></span> <span class='ocrx_word' id='word_1_79' title='bbox 1841 2428 1868 2471; x_wconf 85' lang='lat'>‚</span> <span class='ocrx_word' id='word_1_80' title='bbox 1979 2390 2305 2476; x_wconf 87' lang='lat' dir='ltr'><strong>compa·</strong></span> 
     </span>
     <span class='ocr_line' id='line_1_15' title="bbox 287 2491 2302 2632; baseline 0 -40"><span class='ocrx_word' id='word_1_81' title='bbox 287 2512 751 2596; x_wconf 84' lang='lat' dir='ltr'><strong>raverimus</strong></span> <span class='ocrx_word' id='word_1_82' title='bbox 816 2508 915 2594; x_wconf 71' lang='lat'><strong>¹⁶).</strong></span> <span class='ocrx_word' id='word_1_83' title='bbox 1027 2515 1269 2632; x_wconf 77' lang='lat' dir='ltr'><strong>Quod</strong></span> <span class='ocrx_word' id='word_1_84' title='bbox 1345 2491 1452 2598; x_wconf 82' lang='lat' dir='ltr'><strong>eo</strong></span> <span class='ocrx_word' id='word_1_85' title='bbox 1512 2515 1780 2627; x_wconf 82' lang='lat' dir='ltr'><strong>magis</strong></span> <span class='ocrx_word' id='word_1_86' title='bbox 1834 2527 2121 2597; x_wconf 81' lang='lat' dir='ltr'><strong>notatu</strong></span> <span class='ocrx_word' id='word_1_87' title='bbox 2187 2509 2302 2593; x_wconf 82' lang='lat' dir='ltr'><strong>di-</strong></span> 
     </span>
    </p>
   </div>
   <div class='ocr_carea' id='block_1_3' title="bbox 300 2743 713 2759">
    <p class='ocr_par' dir='ltr' id='par_1_3' title="bbox 300 2743 713 2759">
     <span class='ocr_line' id='line_1_16' title="bbox 300 2743 713 2759; baseline 0 2041"><span class='ocrx_word' id='word_1_88' title='bbox 300 2743 713 2759; x_wconf 95' lang='lat' dir='ltr'><strong> </strong></span> 
     </span>
    </p>
   </div>
   <div class='ocr_carea' id='block_1_4' title="bbox 289 2853 2293 3042">
    <p class='ocr_par' dir='ltr' id='par_1_4' title="bbox 289 2853 2293 3042">
     <span class='ocr_line' id='line_1_17' title="bbox 289 2853 2293 2948; baseline -0.007 -16"><span class='ocrx_word' id='word_1_89' title='bbox 289 2869 403 2944; x_wconf 76' lang='lat'><strong>14)</strong></span> <span class='ocrx_word' id='word_1_90' title='bbox 462 2860 602 2927; x_wconf 78' lang='lat' dir='ltr'><strong>cfr.</strong></span> <span class='ocrx_word' id='word_1_91' title='bbox 652 2884 715 2926; x_wconf 86' lang='lat' dir='ltr'><strong>e.</strong></span> <span class='ocrx_word' id='word_1_92' title='bbox 757 2884 824 2948; x_wconf 84' lang='lat' dir='ltr'><strong>g.</strong></span> <span class='ocrx_word' id='word_1_93' title='bbox 895 2861 1139 2926; x_wconf 75' lang='lat' dir='ltr'><strong>Introd.</strong></span> <span class='ocrx_word' id='word_1_94' title='bbox 1201 2861 1290 2926; x_wconf 86' lang='lat' dir='ltr'><strong>L.</strong></span> <span class='ocrx_word' id='word_1_95' title='bbox 1334 2859 1391 2925; x_wconf 90' lang='lat'><strong>1.</strong></span> <span class='ocrx_word' id='word_1_96' title='bbox 1438 2881 1495 2924; x_wconf 90' lang='lat' dir='ltr'><strong>c.</strong></span> <span class='ocrx_word' id='word_1_97' title='bbox 1525 2865 1604 2925; x_wconf 80' lang='grc'><strong>,2.</strong></span> <span class='ocrx_word' id='word_1_98' title='bbox 1674 2877 1818 2924; x_wconf 83' lang='lat' dir='ltr'><strong>cum</strong></span> <span class='ocrx_word' id='word_1_99' title='bbox 1884 2878 1940 2924; x_wconf 89' lang='lat' dir='ltr'><strong>c.</strong></span> <span class='ocrx_word' id='word_1_100' title='bbox 1984 2862 2069 2922; x_wconf 77' lang='lat'><strong>28</strong></span> <span class='ocrx_word' id='word_1_101' title='bbox 2136 2853 2293 2920; x_wconf 87' lang='lat' dir='ltr'><strong>libri</strong></span> 
     </span>
     <span class='ocr_line' id='line_1_18' title="bbox 456 2977 686 3042; baseline -0.017 0"><span class='ocrx_word' id='word_1_102' title='bbox 456 2977 686 3042; x_wconf 77' lang='lat' dir='ltr'><strong>nostri.</strong></span> 
     </span>
    </p>
   </div>
   <div class='ocr_carea' id='block_1_5' title="bbox 287 3097 2294 3299">
    <p class='ocr_par' dir='ltr' id='par_1_5' title="bbox 287 3097 2294 3299">
     <span class='ocr_line' id='line_1_19' title="bbox 287 3097 2294 3192; baseline -0.006 -16"><span class='ocrx_word' id='word_1_103' title='bbox 287 3117 397 3192; x_wconf 74' lang='lat'><strong>15)</strong></span> <span class='ocrx_word' id='word_1_104' title='bbox 452 3132 510 3175; x_wconf 89' lang='lat' dir='ltr'><strong>c.</strong></span> <span class='ocrx_word' id='word_1_105' title='bbox 558 3114 643 3175; x_wconf 83' lang='lat'><strong>25</strong></span> <span class='ocrx_word' id='word_1_106' title='bbox 686 3108 840 3175; x_wconf 83' lang='lat' dir='ltr'><strong>libri</strong></span> <span class='ocrx_word' id='word_1_107' title='bbox 900 3109 1139 3172; x_wconf 60' lang='lat' dir='ltr'><strong>nostrin</strong></span> <span class='ocrx_word' id='word_1_108' title='bbox 1200 3105 1318 3170; x_wconf 77' lang='lat' dir='ltr'><strong>sed</strong></span> <span class='ocrx_word' id='word_1_109' title='bbox 1380 3106 1555 3169; x_wconf 76' lang='lat' dir='ltr'><strong>dicat</strong></span> <span class='ocrx_word' id='word_1_110' title='bbox 1598 3097 2134 3188; x_wconf 68' lang='lat' dir='ltr'><strong>Augustinus</strong></span> <span class='ocrx_word' id='word_1_111' title='bbox 2178 3120 2294 3165; x_wconf 81' lang='lat' dir='ltr'><strong>vo·</strong></span> 
     </span>
     <span class='ocr_line' id='line_1_20' title="bbox 455 3216 1941 3299; baseline -0.007 -12"><span class='ocrx_word' id='word_1_112' title='bbox 455 3221 778 3289; x_wconf 64' lang='lat' dir='ltr'><strong>luntatem</strong></span> <span class='ocrx_word' id='word_1_113' title='bbox 818 3241 1047 3299; x_wconf 83' lang='lat' dir='ltr'><strong>suam,</strong></span> <span class='ocrx_word' id='word_1_114' title='bbox 1092 3237 1241 3285; x_wconf 88' lang='lat' dir='ltr'><strong>nos</strong></span> <span class='ocrx_word' id='word_1_115' title='bbox 1284 3237 1447 3282; x_wconf 77' lang='lat' dir='ltr'><strong>vero</strong></span> <span class='ocrx_word' id='word_1_116' title='bbox 1492 3216 1764 3280; x_wconf 74' lang='lat' dir='ltr'><strong>dicimus</strong></span> <span class='ocrx_word' id='word_1_117' title='bbox 1809 3225 1941 3278; x_wconf 86' lang='lat' dir='ltr'><strong>etc.</strong></span> 
     </span>
    </p>
   </div>
   <div class='ocr_carea' id='block_1_6' title="bbox 284 3346 2296 3439">
    <p class='ocr_par' dir='ltr' id='par_1_6' title="bbox 284 3346 2296 3439">
     <span class='ocr_line' id='line_1_21' title="bbox 284 3346 2296 3439; baseline -0.004 -17"><span class='ocrx_word' id='word_1_118' title='bbox 284 3362 395 3439; x_wconf 82' lang='lat'><strong>16)</strong></span> <span class='ocrx_word' id='word_1_119' title='bbox 456 3354 530 3420; x_wconf 88' lang='lat' dir='ltr'><strong>Si</strong></span> <span class='ocrx_word' id='word_1_120' title='bbox 573 3377 761 3439; x_wconf 84' lang='lat' dir='ltr'><strong>quem</strong></span> <span class='ocrx_word' id='word_1_121' title='bbox 806 3377 887 3420; x_wconf 85' lang='lat' dir='ltr'><strong>ea</strong></span> <span class='ocrx_word' id='word_1_122' title='bbox 931 3352 1367 3419; x_wconf 82' lang='lat' dir='ltr'><strong>contradictio</strong></span> <span class='ocrx_word' id='word_1_123' title='bbox 1412 3351 1731 3430; x_wconf 84' lang='lat' dir='ltr'><strong>offendat,</strong></span> <span class='ocrx_word' id='word_1_124' title='bbox 1793 3369 1987 3434; x_wconf 85' lang='lat' dir='ltr'><strong>quam</strong></span> <span class='ocrx_word' id='word_1_125' title='bbox 2033 3346 2296 3414; x_wconf 84' lang='lat' dir='ltr'><strong>obviam</strong></span> 
     </span>
    </p>
   </div>
   <div class='ocr_carea' id='block_1_7' title="bbox 450 3458 2443 3560">
    <p class='ocr_par' dir='ltr' id='par_1_7' title="bbox 450 3458 2443 3560">
     <span class='ocr_line' id='line_1_22' title="bbox 450 3458 2443 3560; baseline -0.005 -27"><span class='ocrx_word' id='word_1_126' title='bbox 450 3466 769 3533; x_wconf 84' lang='lat' dir='ltr'><strong>habemus</strong></span> <span class='ocrx_word' id='word_1_127' title='bbox 811 3469 881 3531; x_wconf 82' lang='lat' dir='ltr'><strong>in</strong></span> <span class='ocrx_word' id='word_1_128' title='bbox 931 3465 1152 3531; x_wconf 81' lang='lat' dir='ltr'><strong>verbis</strong></span> <span class='ocrx_word' id='word_1_129' title='bbox 1200 3465 1663 3530; x_wconf 79' lang='lat' dir='ltr'><strong>Confessionis</strong></span> <span class='ocrx_word' id='word_1_130' title='bbox 1724 3467 1859 3544; x_wconf 83' lang='lat' dir='ltr'><strong>(ep.</strong></span> <span class='ocrx_word' id='word_1_131' title='bbox 1904 3467 1987 3527; x_wconf 83' lang='lat'><strong>20</strong></span> <span class='ocrx_word' id='word_1_132' title='bbox 2030 3458 2296 3541; x_wconf 73' lang='lat' dir='ltr'><strong>„solum</strong></span> <span class='ocrx_word' id='word_1_133' title='bbox 2436 3541 2443 3560; x_wconf 26' lang='grc' dir='ltr'><strong>ι</strong></span> 
     </span>
    </p>
   </div>
   <div class='ocr_carea' id='block_1_8' title="bbox 448 3575 2297 4226">
    <p class='ocr_par' dir='ltr' id='par_1_8' title="bbox 448 3575 2297 4226">
     <span class='ocr_line' id='line_1_23' title="bbox 453 3575 2294 3658; baseline -0.004 -12"><span class='ocrx_word' id='word_1_134' title='bbox 453 3580 661 3647; x_wconf 87' lang='lat' dir='ltr'><strong>filium</strong></span> <span class='ocrx_word' id='word_1_135' title='bbox 706 3579 840 3645; x_wconf 86' lang='lat' dir='ltr'><strong>Dei</strong></span> <span class='ocrx_word' id='word_1_136' title='bbox 885 3580 1300 3644; x_wconf 82' lang='lat' dir='ltr'><strong>incarnatum</strong></span> <span class='ocrx_word' id='word_1_137' title='bbox 1358 3575 1676 3658; x_wconf 84' lang='lat' dir='ltr'><strong>profiteor</strong></span> <span class='ocrx_word' id='word_1_138' title='bbox 1717 3588 1790 3639; x_wconf 85' lang='lat' dir='ltr'><strong>ut</strong></span> <span class='ocrx_word' id='word_1_139' title='bbox 1834 3593 1955 3639; x_wconf 75' lang='lat' dir='ltr'><strong>nos</strong></span> <span class='ocrx_word' id='word_1_140' title='bbox 1997 3593 2041 3639; x_wconf 84' lang='lat' dir='ltr'><strong>a</strong></span> <span class='ocrx_word' id='word_1_141' title='bbox 2084 3575 2294 3640; x_wconf 75' lang='lat' dir='ltr'><strong>servi-</strong></span> 
     </span>
     <span class='ocr_line' id='line_1_24' title="bbox 453 3681 2297 3775; baseline -0.004 -18"><span class='ocrx_word' id='word_1_142' title='bbox 453 3703 592 3757; x_wconf 83' lang='lat' dir='ltr'><strong>tute</strong></span> <span class='ocrx_word' id='word_1_143' title='bbox 644 3694 899 3775; x_wconf 86' lang='lat' dir='ltr'><strong>peccati</strong></span> <span class='ocrx_word' id='word_1_144' title='bbox 960 3700 1029 3753; x_wconf 87' lang='lat' dir='ltr'><strong>et</strong></span> <span class='ocrx_word' id='word_1_145' title='bbox 1074 3711 1114 3753; x_wconf 87' lang='lat' dir='ltr'><strong>a</strong></span> <span class='ocrx_word' id='word_1_146' title='bbox 1162 3691 1376 3775; x_wconf 81' lang='lat' dir='ltr'><strong>jugo</strong></span> <span class='ocrx_word' id='word_1_147' title='bbox 1421 3681 1786 3754; x_wconf 81' lang='lat' dir='ltr'><strong>Diaboli</strong></span> <span class='ocrx_word' id='word_1_148' title='bbox 1831 3685 2182 3766; x_wconf 83' lang='lat' dir='ltr'><strong>liberaret,</strong></span> <span class='ocrx_word' id='word_1_149' title='bbox 2228 3696 2297 3750; x_wconf 87' lang='lat' dir='ltr'><strong>et</strong></span> 
     </span>
     <span class='ocr_line' id='line_1_25' title="bbox 453 3798 2295 3888; baseline -0.004 -18"><span class='ocrx_word' id='word_1_150' title='bbox 453 3823 778 3888; x_wconf 80' lang='lat' dir='ltr'><strong>supernae</strong></span> <span class='ocrx_word' id='word_1_151' title='bbox 838 3802 1087 3868; x_wconf 85' lang='lat' dir='ltr'><strong>aditum</strong></span> <span class='ocrx_word' id='word_1_152' title='bbox 1148 3805 1325 3866; x_wconf 80' lang='lat' dir='ltr'><strong>vitae</strong></span> <span class='ocrx_word' id='word_1_153' title='bbox 1384 3813 1598 3866; x_wconf 81' lang='lat' dir='ltr'><strong>morte</strong></span> <span class='ocrx_word' id='word_1_154' title='bbox 1640 3821 1761 3865; x_wconf 72' lang='lat' dir='ltr'><strong>sua</strong></span> <span class='ocrx_word' id='word_1_155' title='bbox 1803 3798 1995 3864; x_wconf 79' lang='lat' dir='ltr'><strong>nobis</strong></span> <span class='ocrx_word' id='word_1_156' title='bbox 2039 3817 2295 3863; x_wconf 82' lang='lat' dir='ltr'><strong>resera·</strong></span> 
     </span>
     <span class='ocr_line' id='line_1_26' title="bbox 448 3903 2291 3998; baseline -0.005 -15"><span class='ocrx_word' id='word_1_157' title='bbox 448 3923 637 3998; x_wconf 80' lang='lat' dir='ltr'><strong>ret“)</strong></span> <span class='ocrx_word' id='word_1_158' title='bbox 683 3937 829 3981; x_wconf 86' lang='lat' dir='ltr'><strong>cum</strong></span> <span class='ocrx_word' id='word_1_159' title='bbox 873 3914 1095 3980; x_wconf 82' lang='lat' dir='ltr'><strong>verbis</strong></span> <span class='ocrx_word' id='word_1_160' title='bbox 1140 3915 1350 3978; x_wconf 78' lang='lat' dir='ltr'><strong>nostri</strong></span> <span class='ocrx_word' id='word_1_161' title='bbox 1390 3912 1547 3977; x_wconf 86' lang='lat' dir='ltr'><strong>libri</strong></span> <span class='ocrx_word' id='word_1_162' title='bbox 1597 3917 1685 3992; x_wconf 89' lang='lat' dir='ltr'><strong>(c.</strong></span> <span class='ocrx_word' id='word_1_163' title='bbox 1731 3915 1845 3993; x_wconf 76' lang='lat'><strong>23)</strong></span> <span class='ocrx_word' id='word_1_164' title='bbox 1890 3903 2193 3989; x_wconf 83' lang='lat' dir='ltr'><strong>collatis,</strong></span> <span class='ocrx_word' id='word_1_165' title='bbox 2231 3911 2291 3975; x_wconf 74' lang='lat' dir='ltr'><strong>is</strong></span> 
     </span>
     <span class='ocr_line' id='line_1_27' title="bbox 452 4022 2293 4118; baseline -0.005 -24"><span class='ocrx_word' id='word_1_166' title='bbox 452 4031 699 4118; x_wconf 80' lang='lat' dir='ltr'><strong>cogitet</strong></span> <span class='ocrx_word' id='word_1_167' title='bbox 741 4027 1018 4092; x_wconf 84' lang='lat' dir='ltr'><strong>eandem</strong></span> <span class='ocrx_word' id='word_1_168' title='bbox 1062 4025 1647 4091; x_wconf 80' lang='lat' dir='ltr'><strong>contradictionem</strong></span> <span class='ocrx_word' id='word_1_169' title='bbox 1679 4024 1752 4089; x_wconf 84' lang='lat' dir='ltr'><strong>in</strong></span> <span class='ocrx_word' id='word_1_170' title='bbox 1802 4022 2293 4089; x_wconf 81' lang='lat' dir='ltr'><strong>Commentario</strong></span> 
     </span>
     <span class='ocr_line' id='line_1_28' title="bbox 452 4134 2296 4226; baseline -0.008 -18"><span class='ocrx_word' id='word_1_171' title='bbox 452 4163 649 4226; x_wconf 78' lang='lat' dir='ltr'><strong>super</strong></span> <span class='ocrx_word' id='word_1_172' title='bbox 698 4137 1045 4224; x_wconf 82' lang='lat' dir='ltr'><strong>epistolam</strong></span> <span class='ocrx_word' id='word_1_173' title='bbox 1091 4139 1172 4203; x_wconf 88' lang='lat' dir='ltr'><strong>ad</strong></span> <span class='ocrx_word' id='word_1_174' title='bbox 1201 4136 1540 4204; x_wconf 83' lang='lat' dir='ltr'><strong>Romanos</strong></span> <span class='ocrx_word' id='word_1_175' title='bbox 1584 4141 1682 4216; x_wconf 80' lang='lat' dir='ltr'><strong>(c.&#39;</strong></span> <span class='ocrx_word' id='word_1_176' title='bbox 1712 4140 1781 4215; x_wconf 82' lang='lat'><strong>3)</strong></span> <span class='ocrx_word' id='word_1_177' title='bbox 1845 4135 2124 4218; x_wconf 81' lang='lat' dir='ltr'><strong>reperiri</strong></span> <span class='ocrx_word' id='word_1_178' title='bbox 2147 4134 2296 4215; x_wconf 84' lang='lat' dir='ltr'><strong>(cfr.</strong></span> 
     </span>
    </p>
   </div>
  </div>
 </body>
</html>
