2842 4800
2191 399 2301 473 93

306 575 532 647 ‚nutem
573 563 742 630 liber
756 611 780 646 ,
822 565 891 633 id
936 579 1039 631 est
1050 613 1091 649 ‚.
1120 567 1265 633 sine
1309 567 1661 658 conjugio,
1705 587 1789 633 ne
1819 568 2103 652 accipias
2129 590 2296 635 uxo-

307 698 484 755 rem,
530 680 587 741 si
634 680 731 743 vis
776 699 928 743 esse
969 678 1163 744 liber.

482 785 645 855 Tria
690 803 840 854 sunt
882 790 1056 855 bon‘a
1109 792 1442 876 conjugii,
1497 788 1704 869 fides,
1759 788 2018 873 proles,
2076 813 2296 857 sacra-

307 913 622 965 mentnm.
706 903 949 981 Fides,
1006 924 1136 968 non
1193 901 1559 981 catholica,
1624 903 1743 967 sed
1798 905 2015 985 pactio
2067 908 2295 991 conju-

305 1013 520 1099 galis,
568 1015 774 1097 quod,
839 1016 1141 1098 quamdiu
1189 1017 1468 1096 vixerit,
1536 1029 1679 1079 cum
1736 1014 1871 1080 alia
1929 1038 2059 1081 non
2119 1041 2329 1112 com--

276 1129 684 1217 ‘misceatun
773 1126 1007 1193 Proles
1028 1174 1049 1206 ‚
1092 1141 1168 1194 ut
1209 1143 1553 1211 susceptus
1584 1128 1763 1193 filius
1793 1128 2111 1216 religiose
2141 1130 2296 1195 edu·

316 1252 533 1318 cetur,
581 1251 647 1305 et
690 1252 795 1306 est
837 1241 922 1307 ad
965 1241 1303 1321 decorem,
1348 1252 1421 1305 ut
1464 1241 1634 1325 quod
1677 1240 1771 1305 ibi
1811 1262 1931 1324 per
1964 1255 2298 1324 peccatum

312 1355 729 1418 commissum
772 1365 912 1434 est,
955 1352 1240 1417 filiorum
1281 1351 1494 1418 fructu
1533 1365 2087 1434 recompensetur.
2172 1355 2295 1421 Sa-

312 1477 708 1531 cramentum
742 1478 855 1547 ‚est
901 1464 1147 1531 Christi
1189 1477 1254 1530 et
1296 1461 1666 1545 ecclesiae,
1725 1467 1878 1548 quia
1919 1468 2089 1531 sicut
2129 1489 2299 1534 uxor

258 1646 265 1653 ,
311 1579 504 1661 nnius
559 1580 685 1642 viri
742 1572 811 1644 et
862 1579 965 1643 vir
1017 1580 1207 1643 nnius
1261 1579 1529 1659 uxoris,
1594 1581 1692 1643 sic
1754 1577 2053 1646 Christus
2106 1586 2299 1650 unius

239 1762 248 1771 ⁴
312 1710 641 1772 sponsae,
696 1692 761 1755 id
806 1702 945 1771 est,
1001 1688 1326 1757 ecclesiae
1384 1712 1667 1774 sponsus
1723 1704 1827 1759 est
1877 1704 1955 1759 'et
2009 1692 2299 1762 ecclesia

314 1804 507 1867 unius
551 1796 812 1884 sponsi,
856 1802 927 1868 id
970 1815 1110 1883 est,
1155 1802 1400 1869 Christi
1443 1824 1711 1887 sponsa.

487 1915 876 1997 Quaeritur,
930 1923 990 1984 si
1030 1921 1204 1985 inter
1245 1916 1551 1983 infideles
1594 1921 1802 2001 possit
1860 1940 2010 1984 esse
2068 1921 2295 2005 conju..

311 2030 512 2115 gium.
573 2032 807 2096 Potest
826 2031 1069 2113 ntique.
1115 2028 1305 2094 Unde
1329 2029 1618 2095 Joannes
1645 2029 2289 2115 Chrysostomus²⁷):

308 2141 466 2215 Non
510 2138 670 2207 licet
726 2142 845 2207 tibi
904 2142 1146 2208 habere
1200 2143 1743 2223 uxor-emiratris
1798 2145 1917 2208 tui.
2003 2143 2297 2211 Joannes

314 2256 508 2335 dicit,
553 2256 725 2339 quod
767 2255 1151 2322 adulterium
1211 2269 1388 2335 erat,
1447 2269 1513 2320 et
1556 2258 1651 2322 sic
1696 2257 2090 2342 conjugium.
2160 2257 2296 2326 Sed

315 2372 698 2451 opponitur,
761 2393 992 2452 omne,
1051 2373 1224 2456 quod
1270 2393 1403 2436 non
1450 2382 1553 2454 est
1596 2392 1680 2435 ex
1722 2369 1899 2454 fide,
1957 2384 2294 2455 peccatum

310 2494 439 2547 est.
504 2483 637 2554 Sed
666 2482 1164 2570 intelligendum
1201 2497 1327 2562 est,
1371 2482 1542 2569 qnod
1585 2505 1715 2548 non
1760 2497 1866 2570 est
1907 2506 1991 2548 ex
2026 2484 2185 2567 fide,
2226 2488 2296 2554 id

313 2608 454 2676 est,
510 2595 691 2681 *quod
760 2609 987 2670 contra
1046 2597 1538 2678 conscientiam.
1649 2594 1843 2670 Quod
1898 2599 2300 2666 conscientia

310 2721 593 2780 testatur
634 2712 875 2778 malum
918 2733 1103 2792 esse,
1170 2712 1376 2793 illud,
1443 2715 1503 2777 si
1559 2712 1717 2791 fiat,
1775 2724 2115 2794 peccatum
2170 2727 2298 2780 est.

308 2823 713 2911 Augustinus
778 2826 975 2899 dicit,
1040 2824 1211 2910 qnod
1268 2824 1643 2909 conjuginm
1702 2822 1941 2887 bonum
1998 2825 2296 2891 naturale

312 2948 455 3014 est,
503 2937 672 3020 quod
719 2936 1098 3002 diffunditur
1138 2938 1311 3000 inter
1355 2956 1621 3014 omnes,
1693 2937 1889 3000 etiam
1935 2937 2107 3001 inter
2148 2936 2296 3002 infi-

310 3046 528 3112 deles.
611 3047 779 3113 Item
821 3051 1193 3134 conjugium
1235 3060 1338 3113 est
1377 3050 1551 3113 inter
1589 3046 1821 3116 fideles
1865 3060 1932 3111 et
1966 3047 2295 3128 infideles.

312 3162 504 3228 Unde
547 3160 942 3242 Apostolus:
1002 3163 1060 3226 si
1106 3163 1246 3246 quis
1290 3160 1509 3226 fidelis
1554 3159 1851 3225 habuerit
1891 3182 2164 3226 uxorem
2196 3162 2298 3225 in·
2370 3213 2374 3218 .

309 3273 580 3342 fidelem
633 3286 700 3338 et
762 3273 929 3339 haec
988 3276 1313 3339 consentit
1373 3272 1673 3339 habitare
1736 3293 1878 3336 cnm
1945 3271 2108 3350 illo,
2165 3294 2299 3340 non

312 3386 594 3454 dimittat
637 3406 806 3452 eam.
897 3384 1308 3452 Christianus
1344 3388 1544 3449 etiam
1573 3384 1893 3450 Judaeum
1928 3396 2157 3469 posset
2183 3384 2299 3450 du·-

312 3520 502 3579 cere,
547 3500 606 3565 si
647 3502 1166 3582 recompensatio
1202 3498 1354 3564 inde
1390 3510 1795 3580 sequeretur.

496 3612 805 3680 Diximus
855 3614 1152 3694 superius
1216 3633 1534 3676 summam
1597 3608 1829 3675 salutis
1892 3611 1960 3674 in
2020 3608 2126 3675 his
2182 3611 2300 3674 tri-

313 3726 463 3807 bus,
499 3726 756 3791 scilicet
795 3725 928 3790 fide
973 3719 1041 3789 et
1083 3736 1495 3789 sacramento
1541 3736 1609 3786 et
1653 3725 1924 3788 caritate
1970 3734 2297 3804 constare.

212 3819 231 3830 κ
310 3836 501 3906 Nunc
558 3837 638 3903 de
697 3836 989 3918 duobus,
1056 3837 1190 3902 fide
1250 3848 1317 3901 et
1379 3829 1830 3913 sacramento,
1889 3834 2299 3901 sufficienter

312 3938 661 4035 expedito,
736 3952 818 4016 de
877 3952 1115 4030 tertio,
1194 3952 1510 4034 caritate,
1581 3948 1816 4013 amodo
1875 3947 2297 4013 disseramus.

316 4061 616 4145 Caritas,
675 4073 748 4129 ut
798 4083 993 4148 supra
1050 4062 1371 4145 diximus,
1435 4071 1541 4129 est
1583 4081 1766 4128 amor
1821 4057 2178 4140 honestus,
2232 4059 2304 4126 id
