2842 4800
314 546 431 613 vel
476 544 595 611 tali
638 530 885 609 habent
924 545 1172 608 inesse.
1257 540 1453 608 Unde
1510 553 1576 605 et
1633 538 1923 607 carnalia
1964 553 2305 608 vocantur.
2361 518 2396 627 f

318 658 484 723 Sunt
529 661 702 722 enim
745 656 1102 741 quaedam,
1173 676 1339 737 quae
1393 668 1644 719 tantum
1688 656 1944 718 animae
1988 666 2172 734 sunt,
2233 668 2310 719 ut
2343 630 2366 749 ἶ

319 773 650 855 superbia,
693 772 940 836 invidia
984 781 1053 832 et
1081 783 1326 833 cetera.
1395 768 1744 833 Peccatum
1774 767 1936 833 nihil
1972 781 2075 832 est
2103 770 2310 851 aliud,-

322 909 514 972 quam
557 889 703 970 ipsa
744 884 959 966 culpa,
1006 904 1170 966 quae
1215 894 1285 945 ut
1336 881 1738 945 ostendimus
1780 883 1850 944 in
1893 882 2113 946 multis
2163 886 2310 947 sine

323 1005 487 1066 vitio
532 1014 749 1084 potest
795 1021 967 1063 esse.
1037 998 1157 1061 Est
1191 1010 1407 1061 autem
1453 996 1645 1078 culpa
1668 995 1831 1061 nihil
1877 996 2073 1075 aliud,
2121 1010 2313 1079 quam

325 1127 691 1180 contemtus
750 1113 1100 1188 creatoriS,
1186 1109 1358 1193 quod
1420 1121 1560 1186 est,
1630 1109 1779 1175 dum
1836 1108 1945 1173 vel
2012 1109 2314 1176 volumus

327 1242 558 1294 contra
614 1228 1120 1304 conscientiam,
1189 1224 1361 1307 quod
1416 1226 1480 1285 ei
1537 1220 1888 1306 displicere
1944 1226 2185 1289 scimus
2247 1237 2316 1289 et

327 1340 412 1406 ab
459 1363 538 1406 eo
584 1361 733 1404 esse
774 1338 1191 1422 prohibitum,
1235 1336 1345 1401 vel
1383 1334 1710 1416 nolumus,
1757 1336 1929 1420 quod
1972 1339 2034 1400 ei
2073 1339 2318 1402 scimus

324 1454 593 1542 placere
664 1465 731 1518 et
792 1452 874 1516 ab
941 1473 1020 1515 eo
1085 1472 1234 1515 esse
1293 1464 1732 1533 praeceptum.
1818 1449 2008 1514 Unde
2066 1472 2187 1514 nec
2245 1453 2316 1517 in

326 1569 548 1653 pueris
605 1587 728 1631 nec
788 1567 859 1628 in
918 1563 1304 1628 naturaliter
1347 1562 1607 1641 stultis,
1672 1565 1825 1646 quia
1879 1562 2042 1626 nihil
2088 1577 2318 1629 contra

328 1682 674 1749 scientiam
733 1693 972 1764 agunt,
1038 1676 1260 1761 aliqua
1324 1674 1517 1758 culpa
1582 1696 1732 1740 esse
1788 1676 2316 1758 deprehenditur.

329 1792 708 1861 Notandum
748 1812 907 1855 vero
953 1802 1078 1867 est,
1124 1789 1294 1872 quod
1327 1787 1714 1852 translative
1756 1792 1900 1872 ipsa
1931 1812 2141 1871 poena
2167 1813 2322 1873 pec-

333 1920 547 1972 catum
591 1907 860 1982 dicitur,
903 1916 989 1967 ut,
1017 1924 1158 1966 cum
1201 1902 1470 1966 dicitnr:
1515 1901 1701 1966 Deus
1749 1903 2020 1967 dimittit
2064 1906 2125 1967 ei
2168 1925 2320 1986 pec·

332 2035 590 2098 catum,
634 2019 702 2082 id
750 2031 892 2095 est,
938 2000 1229 2098 poenam*
1261 2027 1594 2079 aeternam
1635 2014 1916 2078 relaxat.

510 2131 765 2196 Horum
809 2141 1220 2212 peccatorum
1264 2126 1400 2191 alia
1443 2141 1595 2191 sunt
1634 2128 1946 2207 venialia,
1993 2127 2126 2192 alia
2151 2146 2324 2194 mor-

333 2245 521 2311 talia.
607 2242 890 2308 Veniale
937 2242 1191 2318 dicitur,
1236 2238 1406 2322 quod
1451 2260 1568 2320 per
1601 2260 1682 2302 se
1725 2240 2326 2310 adnumerationem

333 2380 468 2425 non
522 2355 806 2435 sufficit,
875 2351 1069 2438 quale
1138 2364 1241 2416 est
1283 2372 1474 2415 omne
1518 2349 1729 2431 illud,
1800 2352 1976 2436 quod
2034 2354 2181 2420 dum
2249 2356 2332 2421 fir

333 2472 689 2540 memoriae
733 2490 864 2532 non
911 2469 1224 2545 occurrit,
1297 2467 1467 2549 quod
1510 2466 1664 2531 Deo
1726 2467 2094 2550 displiceat.
2183 2468 2328 2535 Neo

299 2600 556 2675 ‚tamen
619 2595 839 2666 potest
902 2581 1074 2658 dici,
1141 2580 1311 2664 quod
1379 2591 1606 2643 contra
1672 2582 2138 2647 conscientiam
2193 2605 2328 2649 non

335 2702 460 2778 sit,
506 2700 636 2761 etsi
679 2697 851 2759 enim
895 2706 1048 2757 tunc
1093 2714 1134 2756 a
1175 2692 1491 2757 memoria
1533 2693 1900 2775 sejunctum
1943 2695 2054 2772 sit,
2107 2706 2327 2760 tamen

337 2813 486 2877 dum
550 2809 633 2873 ad
695 2808 1073 2872 memoriam
1136 2804 1499 2867 reducimus
1570 2826 1656 2868 ex
1726 2808 2133 2871 conscientia
2197 2830 2328 2873 non

336 2922 708 3008 probamus.
797 2918 1092 2985 Mortale
1136 2939 1294 2981 vero
1333 2916 1501 2981 illud
1561 2930 1937 3000 peccatum,
2005 2922 2176 3003 quod
2218 2943 2329 2985 so-

333 3036 481 3103 lum
529 3034 612 3097 ad
678 3044 953 3096 mortem
1014 3029 1356 3095 sufficiens
1414 3042 1554 3107 est,
1628 3043 1701 3093 ut
1760 3042 1861 3094 est
1906 3031 2332 3113 omneillud,

339 3147 513 3232 quod
556 3157 783 3209 contra
826 3144 1294 3207 conscientiam
1340 3143 1651 3206 exanimi
1681 3142 2156 3209 deliberatione
2185 3169 2330 3228 per-

335 3239 649 3345 petratur.
737 3254 1319 3338 Quantumcunque
1362 3257 1600 3340 igitur,
1646 3267 1719 3319 ut
1761 3259 1856 3319 ait
1898 3256 2329 3343 Augustinus,

335 3376 407 3440 in
449 3395 524 3438 se
567 3370 719 3437 leve
763 3371 1230 3450 sit‘peccatum
1271 3368 1421 3431 dam
1465 3367 1686 3450 placet
1743 3380 1811 3432 et
1875 3389 1962 3432 ex
2010 3371 2334 3439 industria

335 3496 768 3570 perpetratur,
810 3479 1092 3546 mortale
1134 3490 1260 3550 est.
1348 3477 1954 3564 Quantumcumque
2001 3494 2218 3548 autem
2244 3486 2344 3549 sit

333 3619 538 3685 grave
584 3599 751 3690 dum¹
779 3598 1126 3680 displiceat
1170 3608 1238 3660 et
1283 3619 1366 3663 ex
1411 3598 1616 3662 animi.
1665 3596 2144 3663 deliberatione
2199 3619 2332 3663 non

338 3709 482 3787 fiat,
525 3710 789 3776 veniale
850 3723 975 3775 ent.
1063 3707 1321 3774 Horum
1382 3708 1755 3774 mortalium
1821 3721 1924 3774 est
1981 3707 2161 3773 aliud
2209 3711 2334 3773 cri-

12 3855 15 3936 3
339 3813 609 3899 niuale‘,
654 3821 834 3887 aliud
877 3813 1036 3890 non.
1129 3817 1489 3886 Criminale
1534 3834 1650 3888 est-
1675 3821 1886 3901 illud,
1932 3822 2103 3906 quod
2145 3833 2344 3885 nota-6

337 3929 545 3998 bilem
584 3942 655 3995 et
706 3931 1017 3997 infamem
1071 3932 1285 3998 reddit
1336 3954 1712 4016 personam.
1804 3932 2163 3998 criminale
2207 3945 2334 4012 est,

345 4042 520 4131 quod
560 4047 667 4110 ent
708 4047 1131 4118 :commone
1184 4045 1644 4136 dignissimum
1691 4057 1771 4122 ret
1832 4057 1986 4113 suut
2046 4046 2334 4116 maxime
