2842 4800
522 379 763 446 xxvl

523 557 862 637 summis
919 555 1284 639 laudibus
1359 571 1908 643 exornaretur
1929 618 1954 662 ‚
1997 560 2258 643 'modo
2301 562 2522 643 omni

523 703 1197 815 contumeliarum
1262 732 1571 815 genere
1626 710 2176 790 cumularetur
2193 769 2217 811 ‚
2274 711 2526 790 since·-

520 876 665 932 ros
694 853 1063 933 veritatis
1099 852 1401 933 amicos
1439 855 1542 963 ad
1576 853 1873 954 iustam
1906 857 2029 938 rei
2065 856 2525 939 considera·

521 998 831 1078 tionem
857 996 1252 1107 ejusmodi
1285 998 1586 1079 librum
1622 1017 2010 1110 expetere
2046 1003 2433 1111 potuisse,
2471 1026 2522 1081 a

521 1144 1215 1224 verisimilitudine
1275 1173 1444 1225 non
1503 1145 1857 1226 alienum
1929 1172 2108 1228 esse
2166 1146 2518 1228 videtur.
2611 1164 2616 1175 “

524 1289 657 1370 Ab
698 1289 827 1371 his
867 1289 1154 1372 deinde
1198 1292 1284 1369 in
1315 1290 1663 1370 aliorum
1696 1318 2028 1392 manus,
2078 1292 2213 1402 qui
2253 1293 2521 1373 minus

521 1434 735 1518 bene
764 1448 965 1547 erga
991 1433 1485 1546 Magistrum
1505 1440 1839 1518 Petrum
1863 1437 2196 1519 animati
2222 1452 2521 1540 essent,

524 1581 824 1662 librum
870 1583 1287 1664 transiisse
1343 1583 1972 1664 existimandum
2016 1584 2199 1664 erit.

721 1732 988 1843 Quam
1051 1730 1702 1839 demumcunque
1761 1732 2245 1813 sententiam
2305 1733 2523 1840 prio-

523 1900 708 1956 rem
763 1902 911 1956 seu
966 1877 1513 1982 posteriorem
1585 1892 2064 1986 praeoptes‚
2124 1879 2521 1958 benevole

525 2021 826 2122 lector,
886 2021 1041 2102 alia
1084 2038 1515 2131 praeterea
1572 2024 1970 2139 sententia
2011 2025 2096 2104 in
2129 2022 2523 2106 auxilium

523 2164 810 2250 vocari
866 2183 1161 2278 potest.

748 2317 985 2402 Haud
1025 2344 1224 2397 vero
1286 2316 1668 2397 absimile·
1706 2315 2075 2420 videtur,
2137 2314 2522 2395 Abaelar-

522 2461 718 2543 dum
754 2489 921 2542 non
961 2466 1254 2571 ipsum,
1305 2491 1514 2574 quae
1551 2466 1636 2543 in
1679 2478 1966 2543 nostro
2009 2462 2219 2541 libro
2251 2463 2520 2570 legan-

520 2622 699 2711 tur,
751 2611 1003 2690 literis
1046 2603 1589 2711 mandavisse,
1642 2609 1788 2689 sed
1835 2609 2082 2688 alium
2123 2607 2522 2715 quendam

404 2835 407 2844 ,
522 2754 943 2836 hominem
970 2847 973 2852 .
1004 2743 1356 2835 doctum.
1485 2752 1578 2836 Si
1639 2781 1929 2836 eorum
1981 2750 2520 2861 conjecturae,

529 2901 669 3009 qui
693 2901 1381 2982 Introductionem
1413 2902 1609 2980 olim
1657 2900 2108 3008 perfectam
2162 2898 2522 2979 extitisse
2573 2899 2578 2904 ’

528 3047 1035 3130 arbitrantur
1055 3107 1078 3150 ,
1140 3050 1533 3130 calculum
1583 3047 2001 3159 adjicimus
2027 3108 2052 3144 ,
2101 3044 2304 3129 haec
2349 3075 2524 3128 sen-

524 3196 782 3276 tentia
818 3224 1322 3305 magnopere
1354 3225 1443 3278 se
1485 3197 2033 3277 commendat.
2128 3199 2313 3309 Quo
2358 3220 2523 3271 ma-

526 3341 654 3451 gis
689 3343 932 3425 Petro
969 3343 1390 3453 indignum
1433 3370 1611 3423 esse
1645 3340 1950 3452 judices
1975 3402 1998 3443 ‚
2061 3343 2195 3450 qui
2249 3363 2526 3446 perso·

524 3515 719 3568 nam
750 3489 1340 3571 abbreviatoris
1372 3490 1506 3570 vel
1547 3490 2058 3598 excerptoris
2111 3485 2255 3594 [sit
2283 3485 2525 3565 venia

529 3634 787 3716 verbo
805 3632 869 3742 l)
910 3636 1171 3746 egerit
1192 3694 1215 3737 ,
1270 3664 1368 3718 eo
1403 3636 1710 3718 facilius
1762 3633 1938 3745 ejus
1965 3632 2256 3714 cultori
2296 3644 2376 3710 et
2413 3628 2524 3709 di-

528 3781 835 3894 scipulo
883 3783 965 3865 id
1003 3784 1365 3866 tribuere
1405 3811 1868 3896 possumus.
1946 3777 2239 3862 Brevis
2278 3776 2525 3857 histo·

526 3929 889 4012 ricarum
920 3959 1209 4014 rerum
1250 3935 1630 4017 tractatio
1655 3993 1680 4034 ,
1745 3957 1950 4042 quae
2008 3929 2094 4008 in
2132 3940 2523 4007 tractatus

529 4080 789 4161 nostri
842 4109 914 4162 c.
963 4100 1064 4167 12
1107 4082 1549 4184 invenitur,
1610 4093 2098 4192 'quamquam
2140 4074 2230 4155 in
2267 4073 2526 4152 Intro-
