2842 4800
906 336 939 405 Ἀ

2178 408 2292 491 97

186 588 193 597 “
297 599 571 665 quorum
628 600 848 645 curam
905 597 1103 669 gero,
1165 574 1525 645 extendere
1583 576 1830 659 debeo,
1891 602 2014 645 uec
2061 595 2287 649 tamen

291 707 561 777 propter
614 693 741 758 hoc
801 706 1048 758 tantum
1109 706 1360 774 patrem
1418 672 1671 771 meum5
1734 707 2042 776 quantum
2096 695 2288 762 illum

295 807 527 892 diligo.
614 806 743 871 Hic
788 808 1177 884 notandum,
1238 807 1447 889 quod,
1506 809 1566 870 si
1627 806 1848 890 aliqua
1903 808 2287 875 infirmitate

288 931 634 1001 superatus
677 920 755 982 in*
790 919 1289 980 fornicationem
1332 915 1442 980 vel
1505 917 1920 983 homicidium
1969 923 2311 1008 incidam,-

288 1029 404 1094 vel
446 1033 513 1094 in
560 1029 1050 1114 aliquod‘aliud
1107 1042 1482 1110 peccatum,
1546 1029 1888 1094 dummodo
1950 1031 2282 1102 Christum

286 1146 357 1208 in
403 1144 822 1208 fundamento
873 1141 1185 1219 habeam,
1237 1163 1365 1204 non
1412 1156 1674 1224 propter
1717 1142 1841 1208 hoc
1884 1167 2107 1211 verum
2154 1132 2278 1230 est,

289 1257 464 1340 quod
527 1255 744 1320 Deum
810 1277 942 1318 uon
1009 1253 1299 1340 diligam.
1408 1254 1593 1351 Rene
1652 1258 1827 1320 enim
1884 1279 2149 1338 possum
2205 1263 2277 1327 iu

295 1369 525 1454 aliquo
588 1369 916 1432 dominum
986 1389 1199 1431 meum
1268 1379 1684 1431 contemnere
1747 1368 1829 1432 ad
1899 1382 2149 1453 tempus
2212 1364 2281 1439 et

284 1462 496 1562 ipsum
551 1503 710 1565 prae
769 1479 1067 1543 omnibus
1128 1479 1405 1565 diligere
1467 1491 1534 1543 et
1590 1502 1786 1562 super
1841 1480 2012 1546 alios
2074 1488 2277 1551 aesti-

284 1616 488 1658 mare.
591 1593 811 1658 David
868 1596 1039 1658 enim
1097 1593 1353 1678 quando
1412 1596 1708 1676 peccavit
1767 1580 2103 1662 caritatem
2157 1596 2276 1663 ha-

285 1705 522 1785 bebat,
567 1708 722 1790 quia
767 1704 1099 1769 Christum
1141 1709 1208 1768 iu
1253 1706 1672 1770 fundamento
1704 1705 2014 1772 habebut.
2084 1709 2274 1775 Chri-

283 1834 455 1884 stum
501 1831 716 1884 autem
761 1821 831 1883 iu
890 1818 1312 1883 fundamento
1370 1818 1616 1883 habere
1673 1831 1776 1882 est
1834 1819 2118 1904 aliquem
2176 1825 2275 1888 sic

282 1955 431 1997 eum
477 1932 789 2019 diligere,
855 1931 1026 2015 quod
1081 1934 1139 1997 si
1197 1934 1260 1995 ei
1321 1934 1498 2014 optio
1569 1933 1833 1996 daretur
1887 1935 2064 2014 prius
2121 1957 2272 2017 per-

277 2046 605 2122 mitteret,
649 2065 723 2107 se
766 2042 1086 2122 interfici,
1130 2065 1318 2130 quam
1357 2066 1500 2109 eum
1549 2055 1843 2130 negaret.
1917 2045 1995 2110 In
2030 2045 2273 2114 talibus
2373 2080 2380 2093 2

280 2178 424 2222 cum
465 2170 696 2239 peccat
736 2159 918 2244 quis,
966 2156 1135 2240 lapis
1182 2170 1283 2221 est
1325 2168 1544 2221 motus
1588 2179 1720 2222 nou
1763 2156 2055 2224 evulsus.
2138 2159 2270 2225 Ca-

280 2271 394 2333 dat
426 2273 684 2355 junna,
755 2270 1016 2336 labatur
1051 2274 1308 2354 justae,
1369 2283 1672 2356 resurgat
1717 2272 1977 2355 justus,
2032 2271 2271 2338 melior
2325 2256 2342 2324 f

277 2386 427 2448 erit.
514 2383 777 2448 Sanctis
823 2384 1013 2449 euim'
1040 2385 1256 2448 omnia
1303 2395 1736 2467 cooperantur
1776 2384 1848 2447 in
1891 2381 2156 2451 bonum.

465 2495 627 2561 Cum
683 2499 885 2583 igitur
948 2499 1190 2560 caritas
1255 2516 1504 2561 summa
1560 2498 1872 2562 virtutum
1933 2498 2021 2564 sit
2076 2509 2142 2561 et
2192 2483 2265 2563 in

2359 2116 2372 2169 ι’

277 2629 402 2690 qua
464 2610 674 2673 omnis
729 2612 935 2674 virtus
993 2608 1137 2674 alia·
1187 2631 1383 2696 quam
1438 2612 1583 2690 ipsa
1623 2611 1712 2673 sit
1765 2611 2120 2689 inuitatur,
2180 2608 2265 2674 de
2358 2673 2366 2685 ,

277 2721 621 2785 virtutibus
663 2722 861 2787 latius
909 2734 974 2787 et
1017 2724 1195 2804 vitiis
1239 2724 1663 2810 inquiramus.
1752 2721 1887 2785 Sed
1921 2723 2098 2804 prius
2133 2720 2263 2786 hoc

275 2832 356 2897 de
399 2837 670 2898 caritate
714 2835 1086 2913 videamuS,
1149 2833 1322 2921 quod
1366 2813 1771 2919 Augustinus
1822 2854 2079 2898 omnem
2125 2834 2259 2898 vir-

268 2957 472 3010 tutem
533 2948 873 3010 caritatem
930 2967 1079 3011 esse
1119 2943 1300 3009 velle
1352 2921 1631 3010 videtur.
1716 2943 1879 3009 Cum
1927 2949 2100 3010 enim
2146 2967 2258 3010 ca-

267 3059 428 3121 ritas
471 3056 631 3120 facit
673 3057 946 3136 fortem,
1007 3058 1320 3123 fortitudo
1378 3060 1619 3122 caritas
1680 3070 1823 3123 est:
1891 3079 2034 3121 cum
2090 3059 2257 3123 facit

269 3167 614 3250 humilem,
676 3168 1010 3236 humilitas
1070 3172 1309 3251 caritas
1367 3183 1512 3236 est:
1583 3191 1728 3237 cum
1780 3169 1944 3233 facit
1999 3173 2258 3252 patien·,

266 3298 439 3365 tem,
502 3288 822 3369 patientia
882 3289 1126 3353 caritas
1187 3300 1290 3354 est
1351 3300 1418 3352 et
1473 3289 1570 3352 sic
1624 3286 1707 3350 de
1771 3263 1949 3349 aliis.
2060 3281 2253 3348 Unde

261 3397 657 3480 Apostolus:
712 3402 951 3465 caritas
995 3403 1212 3466 omnia
1256 3401 1508 3474 suffert,
1559 3400 1777 3463 omnia
1810 3397 2088 3461 sustinet
2122 3407 2252 3460 etc.

266 3510 545 3586 Quidam
601 3525 820 3578 tamen
886 3511 1053 3578 hanc
1109 3515 1562 3577 auctoritatem
1623 3510 2019 3597 Augustini,
2080 3525 2252 3592 quae

265 3636 411 3689 est}
451 3627 660 3690 omnis
703 3627 909 3691 virtus
958 3637 1060 3691 est
1114 3626 1398 3703 caritas,
1443 3626 1539 3689 sic
1576 3631 1932 3704 exponunt.
2012 3616 2249 3685 Omni:
2289 3673 2294 3682 .

261 3737 464 3802 virtus
508 3752 613 3803 est
656 3742 921 3821 caritas,
963 3738 1074 3805 vel
1117 3762 1204 3806 ex
1243 3741 1560 3805 caritate:
1621 3735 1749 3800 hoc
1794 3746 2014 3799 autem
2053 3754 2251 3818 prop·

144 3849 153 3866 '
259 3860 361 3915 ter
413 3871 530 3916 eas
588 3855 865 3919 virtutes
939 3874 1109 3941 quae
1149 3873 1305 3923 ,uon
1360 3849 1774 3927 voluntates,
1850 3847 1970 3912 sed
2028 3847 2243 3932 magis

254 3965 589 4045 potentiae
646 3976 835 4044 suut,
892 3977 964 4031 ut
1018 3961 1553 4052 insequentibus
1596 3958 1832 4026 melius
1875 3955 2241 4040 apparebit.

258 4070 631 4152 Quomodo·
659 4077 862 4166 igitur
924 4076 1287 4145 diffiniatur
1337 4077 1550 4144 virtu·
1609 4085 1679 4140 et
1717 4074 1789 4137 iu
1848 4079 2010 4162 quot
2060 4065 2262 4156 prium

1783 4186 1829 4251 7
