<?xml version="1.0" encoding="UTF-8"?>
<!DOCTYPE html PUBLIC "-//W3C//DTD XHTML 1.0 Transitional//EN"
    "http://www.w3.org/TR/xhtml1/DTD/xhtml1-transitional.dtd">
<html xmlns="http://www.w3.org/1999/xhtml" xml:lang="en" lang="en">
 <head>
  <title>
</title>
<meta http-equiv="Content-Type" content="text/html;charset=utf-8" />
  <meta name='ocr-system' content='tesseract 3.04.00' />
  <meta name='ocr-capabilities' content='ocr_page ocr_carea ocr_par ocr_line ocrx_word'/>
</head>
<body>
  <div class='ocr_page' id='page_1' title='image "./epitometheologi00rheigoog_0097.png"; bbox 0 0 2842 4800; ppageno 0'>
   <div class='ocr_carea' id='block_1_1' title="bbox 320 583 2330 790">
    <p class='ocr_par' dir='ltr' id='par_1_1' title="bbox 320 583 2330 790">
     <span class='ocr_line' id='line_1_1' title="bbox 321 583 2328 671; baseline 0 -21"><span class='ocrx_word' id='word_1_1' title='bbox 321 585 410 652; x_wconf 80' lang='lat' dir='ltr'>de</span> <span class='ocrx_word' id='word_1_2' title='bbox 454 583 755 652; x_wconf 89' lang='lat' dir='ltr'>omnibus</span> <span class='ocrx_word' id='word_1_3' title='bbox 812 587 979 653; x_wconf 82' lang='lat' dir='ltr'>facit</span> <span class='ocrx_word' id='word_1_4' title='bbox 1033 610 1114 653; x_wconf 89' lang='lat' dir='ltr'>eo</span> <span class='ocrx_word' id='word_1_5' title='bbox 1174 586 1368 652; x_wconf 85' lang='lat' dir='ltr'>modo</span> <span class='ocrx_word' id='word_1_6' title='bbox 1436 587 1820 671; x_wconf 81' lang='lat' dir='ltr'>provenire,</span> <span class='ocrx_word' id='word_1_7' title='bbox 1891 608 2020 671; x_wconf 84' lang='lat' dir='ltr'>quo</span> <span class='ocrx_word' id='word_1_8' title='bbox 2089 584 2328 652; x_wconf 88' lang='lat' dir='ltr'>melius</span> 
     </span>
     <span class='ocr_line' id='line_1_2' title="bbox 320 700 2330 790; baseline 0.001 -28"><span class='ocrx_word' id='word_1_9' title='bbox 320 712 583 783; x_wconf 82' lang='lat' dir='ltr'>potest,</span> <span class='ocrx_word' id='word_1_10' title='bbox 631 701 1166 790; x_wconf 85' lang='lat' dir='ltr'>omnibenignum</span> <span class='ocrx_word' id='word_1_11' title='bbox 1210 724 1360 767; x_wconf 88' lang='lat' dir='ltr'>esse</span> <span class='ocrx_word' id='word_1_12' title='bbox 1405 712 1820 767; x_wconf 85' lang='lat' dir='ltr'>censuerunt.</span> <span class='ocrx_word' id='word_1_13' title='bbox 1909 700 2129 766; x_wconf 89' lang='lat' dir='ltr'>Unum</span> <span class='ocrx_word' id='word_1_14' title='bbox 2170 720 2330 765; x_wconf 86' lang='lat' dir='ltr'>vero</span> 
     </span>
    </p>
   </div>
   <div class='ocr_carea' id='block_1_2' title="bbox 318 818 2424 4182">
    <p class='ocr_par' dir='ltr' id='par_1_2' title="bbox 318 818 2424 4182">
     <span class='ocr_line' id='line_1_3' title="bbox 321 818 2329 906; baseline 0 -25"><span class='ocrx_word' id='word_1_15' title='bbox 321 829 583 884; x_wconf 81' lang='lat' dir='ltr'>tantum</span> <span class='ocrx_word' id='word_1_16' title='bbox 626 831 692 883; x_wconf 90' lang='lat' dir='ltr'>et</span> <span class='ocrx_word' id='word_1_17' title='bbox 735 840 868 883; x_wconf 90' lang='lat' dir='ltr'>non</span> <span class='ocrx_word' id='word_1_18' title='bbox 909 818 1129 903; x_wconf 89' lang='lat' dir='ltr'>plures</span> <span class='ocrx_word' id='word_1_19' title='bbox 1173 820 1329 884; x_wconf 84' lang='lat' dir='ltr'>inde</span> <span class='ocrx_word' id='word_1_20' title='bbox 1360 831 1836 906; x_wconf 80' lang='lat' dir='ltr'>cognoverunt,</span> <span class='ocrx_word' id='word_1_21' title='bbox 1887 820 2063 903; x_wconf 83' lang='lat' dir='ltr'>qnia,</span> <span class='ocrx_word' id='word_1_22' title='bbox 2109 821 2165 882; x_wconf 91' lang='lat' dir='ltr'>si</span> <span class='ocrx_word' id='word_1_23' title='bbox 2203 818 2329 883; x_wconf 89' lang='lat' dir='ltr'>duo</span> 
     </span>
     <span class='ocr_line' id='line_1_4' title="bbox 322 930 2328 1025; baseline 0 -29"><span class='ocrx_word' id='word_1_24' title='bbox 322 943 588 1011; x_wconf 87' lang='lat' dir='ltr'>essent,</span> <span class='ocrx_word' id='word_1_25' title='bbox 651 944 765 997; x_wconf 87' lang='lat' dir='ltr'>ant</span> <span class='ocrx_word' id='word_1_26' title='bbox 830 930 999 996; x_wconf 88' lang='lat' dir='ltr'>alter</span> <span class='ocrx_word' id='word_1_27' title='bbox 1065 932 1260 997; x_wconf 91' lang='lat' dir='ltr'>alteri</span> <span class='ocrx_word' id='word_1_28' title='bbox 1315 936 1384 997; x_wconf 91' lang='lat' dir='ltr'>in</span> <span class='ocrx_word' id='word_1_29' title='bbox 1432 930 1730 996; x_wconf 87' lang='lat' dir='ltr'>omnibus</span> <span class='ocrx_word' id='word_1_30' title='bbox 1777 931 2078 1025; x_wconf 83' lang='lat' dir='ltr'>aequalis</span> <span class='ocrx_word' id='word_1_31' title='bbox 2125 945 2328 1011; x_wconf 89' lang='lat' dir='ltr'>esset,</span> 
     </span>
     <span class='ocr_line' id='line_1_5' title="bbox 322 1043 2327 1133; baseline 0.001 -25"><span class='ocrx_word' id='word_1_32' title='bbox 322 1056 442 1109; x_wconf 86' lang='lat' dir='ltr'>aut</span> <span class='ocrx_word' id='word_1_33' title='bbox 482 1065 640 1109; x_wconf 85' lang='lat' dir='ltr'>non.</span> <span class='ocrx_word' id='word_1_34' title='bbox 728 1043 800 1108; x_wconf 88' lang='lat' dir='ltr'>Si</span> <span class='ocrx_word' id='word_1_35' title='bbox 842 1045 1238 1129; x_wconf 70' lang='lat' dir='ltr'><strong>inaequalia,</strong></span> <span class='ocrx_word' id='word_1_36' title='bbox 1284 1057 1438 1111; x_wconf 85' lang='lat' dir='ltr'>tune</span> <span class='ocrx_word' id='word_1_37' title='bbox 1463 1044 1591 1109; x_wconf 83' lang='lat' dir='ltr'>sibi</span> <span class='ocrx_word' id='word_1_38' title='bbox 1617 1045 2030 1111; x_wconf 84' lang='lat' dir='ltr'>insufficiens</span> <span class='ocrx_word' id='word_1_39' title='bbox 2059 1046 2327 1133; x_wconf 89' lang='lat' dir='ltr'>esse[t],</span> 
     </span>
     <span class='ocr_line' id='line_1_6' title="bbox 318 1155 2328 1245; baseline 0.001 -24"><span class='ocrx_word' id='word_1_40' title='bbox 318 1167 553 1239; x_wconf 86' lang='lat' dir='ltr'>utpote</span> <span class='ocrx_word' id='word_1_41' title='bbox 636 1158 749 1241; x_wconf 84' lang='lat' dir='ltr'>qui</span> <span class='ocrx_word' id='word_1_42' title='bbox 817 1155 1041 1241; x_wconf 82' lang='lat' dir='ltr'>aliquo</span> <span class='ocrx_word' id='word_1_43' title='bbox 1114 1157 1200 1221; x_wconf 86' lang='lat' dir='ltr'>ad</span> <span class='ocrx_word' id='word_1_44' title='bbox 1272 1160 1375 1223; x_wconf 91' lang='lat' dir='ltr'>sui</span> <span class='ocrx_word' id='word_1_45' title='bbox 1449 1157 1918 1240; x_wconf 80' lang='lat' dir='ltr'><strong>plenitudinem</strong></span> <span class='ocrx_word' id='word_1_46' title='bbox 1980 1159 2328 1245; x_wconf 79' lang='lat' dir='ltr'>indigeret,</span> 
     </span>
     <span class='ocr_line' id='line_1_7' title="bbox 328 1266 2331 1356; baseline 0.002 -24"><span class='ocrx_word' id='word_1_47' title='bbox 328 1266 526 1333; x_wconf 82' lang='lat' dir='ltr'>sicuti</span> <span class='ocrx_word' id='word_1_48' title='bbox 573 1270 684 1353; x_wconf 84' lang='lat' dir='ltr'>qui</span> <span class='ocrx_word' id='word_1_49' title='bbox 726 1291 1012 1335; x_wconf 89' lang='lat' dir='ltr'>summus</span> <span class='ocrx_word' id='word_1_50' title='bbox 1071 1291 1205 1336; x_wconf 92' lang='lat' dir='ltr'>non</span> <span class='ocrx_word' id='word_1_51' title='bbox 1254 1283 1458 1337; x_wconf 86' lang='lat' dir='ltr'>esset.</span> <span class='ocrx_word' id='word_1_52' title='bbox 1549 1269 1622 1334; x_wconf 87' lang='lat' dir='ltr'>Si</span> <span class='ocrx_word' id='word_1_53' title='bbox 1667 1270 1963 1356; x_wconf 82' lang='lat' dir='ltr'>aequalis</span> <span class='ocrx_word' id='word_1_54' title='bbox 2018 1270 2187 1336; x_wconf 88' lang='lat' dir='ltr'>alter</span> <span class='ocrx_word' id='word_1_55' title='bbox 2233 1270 2331 1337; x_wconf 88' lang='lat' dir='ltr'>al·</span> 
     </span>
     <span class='ocr_line' id='line_1_8' title="bbox 321 1383 2326 1468; baseline 0.001 -22"><span class='ocrx_word' id='word_1_56' title='bbox 321 1383 452 1447; x_wconf 87' lang='lat' dir='ltr'>teri</span> <span class='ocrx_word' id='word_1_57' title='bbox 498 1393 853 1460; x_wconf 80' lang='lat' dir='ltr'>constaret,</span> <span class='ocrx_word' id='word_1_58' title='bbox 900 1396 1042 1447; x_wconf 83' lang='lat' dir='ltr'>eum</span> <span class='ocrx_word' id='word_1_59' title='bbox 1085 1401 1251 1447; x_wconf 88' lang='lat' dir='ltr'>unus</span> <span class='ocrx_word' id='word_1_60' title='bbox 1297 1385 1568 1467; x_wconf 86' lang='lat' dir='ltr'>quisque</span> <span class='ocrx_word' id='word_1_61' title='bbox 1607 1393 1860 1448; x_wconf 89' lang='lat' dir='ltr'>tantum</span> <span class='ocrx_word' id='word_1_62' title='bbox 1905 1395 2106 1462; x_wconf 87' lang='lat' dir='ltr'>esset,</span> <span class='ocrx_word' id='word_1_63' title='bbox 2152 1385 2326 1468; x_wconf 79' lang='lat' dir='ltr'>quod</span> 
     </span>
     <span class='ocr_line' id='line_1_9' title="bbox 324 1493 2316 1582; baseline 0.001 -24"><span class='ocrx_word' id='word_1_64' title='bbox 324 1494 412 1559; x_wconf 84' lang='lat' dir='ltr'>ad</span> <span class='ocrx_word' id='word_1_65' title='bbox 458 1497 678 1560; x_wconf 90' lang='lat' dir='ltr'>omnia</span> <span class='ocrx_word' id='word_1_66' title='bbox 722 1496 1006 1559; x_wconf 87' lang='lat' dir='ltr'>creanda</span> <span class='ocrx_word' id='word_1_67' title='bbox 1074 1507 1143 1560; x_wconf 82' lang='lat' dir='ltr'>et</span> <span class='ocrx_word' id='word_1_68' title='bbox 1205 1508 1426 1559; x_wconf 87' lang='lat' dir='ltr'>ereata</span> <span class='ocrx_word' id='word_1_69' title='bbox 1470 1493 1897 1582; x_wconf 84' lang='lat' dir='ltr'>gubernanda</span> <span class='ocrx_word' id='word_1_70' title='bbox 1955 1495 2316 1577; x_wconf 81' lang='lat' dir='ltr'>sufficeret,</span> 
     </span>
     <span class='ocr_line' id='line_1_10' title="bbox 320 1607 2420 1697; baseline 0.001 -23"><span class='ocrx_word' id='word_1_71' title='bbox 320 1607 498 1675; x_wconf 85' lang='lat' dir='ltr'>alter</span> <span class='ocrx_word' id='word_1_72' title='bbox 541 1610 838 1694; x_wconf 85' lang='lat' dir='ltr'>profecto</span> <span class='ocrx_word' id='word_1_73' title='bbox 883 1611 1333 1692; x_wconf 77' lang='lat' dir='ltr'>superflueret.</span> <span class='ocrx_word' id='word_1_74' title='bbox 1421 1609 1838 1695; x_wconf 84' lang='lat' dir='ltr'>Relinquitur</span> <span class='ocrx_word' id='word_1_75' title='bbox 1878 1612 2099 1697; x_wconf 80' lang='lat' dir='ltr'>igitur,</span> <span class='ocrx_word' id='word_1_76' title='bbox 2153 1611 2327 1696; x_wconf 81' lang='lat' dir='ltr'>quod</span> <span class='ocrx_word' id='word_1_77' title='bbox 2413 1622 2420 1627; x_wconf 82' lang='lat'>&#39;</span> 
     </span>
     <span class='ocr_line' id='line_1_11' title="bbox 319 1704 2325 1810; baseline -0 -22"><span class='ocrx_word' id='word_1_78' title='bbox 319 1744 493 1788; x_wconf 87' lang='lat' dir='ltr'>unus</span> <span class='ocrx_word' id='word_1_79' title='bbox 563 1734 782 1788; x_wconf 85' lang='lat' dir='ltr'>tamen</span> <span class='ocrx_word' id='word_1_80' title='bbox 847 1721 1033 1788; x_wconf 86' lang='lat' dir='ltr'>Deus</span> <span class='ocrx_word' id='word_1_81' title='bbox 1107 1726 1394 1789; x_wconf 86' lang='lat' dir='ltr'>omnium</span> <span class='ocrx_word' id='word_1_82' title='bbox 1458 1704 1724 1789; x_wconf 44' lang='lat' dir='ltr'>&#39;creator</span> <span class='ocrx_word' id='word_1_83' title='bbox 1803 1736 1869 1787; x_wconf 89' lang='lat' dir='ltr'>et</span> <span class='ocrx_word' id='word_1_84' title='bbox 1922 1722 2325 1810; x_wconf 83' lang='lat' dir='ltr'>gubernator</span> 
     </span>
     <span class='ocr_line' id='line_1_12' title="bbox 324 1832 2323 1922; baseline 0 -24"><span class='ocrx_word' id='word_1_85' title='bbox 324 1836 597 1899; x_wconf 78' lang='lat' dir='ltr'>existat.</span> <span class='ocrx_word' id='word_1_86' title='bbox 686 1832 920 1900; x_wconf 85' lang='lat' dir='ltr'><strong>Utrum</strong></span> <span class='ocrx_word' id='word_1_87' title='bbox 959 1835 1162 1922; x_wconf 79' lang='lat' dir='ltr'>igitur</span> <span class='ocrx_word' id='word_1_88' title='bbox 1201 1833 1389 1918; x_wconf 89' lang='lat' dir='ltr'>plura</span> <span class='ocrx_word' id='word_1_89' title='bbox 1430 1836 1643 1917; x_wconf 86' lang='lat' dir='ltr'>possit</span> <span class='ocrx_word' id='word_1_90' title='bbox 1685 1833 1943 1915; x_wconf 80' lang='lat' dir='ltr'>faeere,</span> <span class='ocrx_word' id='word_1_91' title='bbox 1990 1856 2181 1918; x_wconf 87' lang='lat' dir='ltr'>quam</span> <span class='ocrx_word' id='word_1_92' title='bbox 2222 1833 2323 1899; x_wconf 83' lang='lat' dir='ltr'><strong>fa·-</strong></span> 
     </span>
     <span class='ocr_line' id='line_1_13' title="bbox 323 1936 2324 2031; baseline 0 -18"><span class='ocrx_word' id='word_1_93' title='bbox 323 1948 481 2026; x_wconf 80' lang='lat' dir='ltr'>eiat‚</span> <span class='ocrx_word' id='word_1_94' title='bbox 526 1949 756 2031; x_wconf 81' lang='lat' dir='ltr'>quaeri</span> <span class='ocrx_word' id='word_1_95' title='bbox 799 1936 973 2012; x_wconf 89' lang='lat' dir='ltr'>solet</span> <span class='ocrx_word' id='word_1_96' title='bbox 1016 1959 1084 2011; x_wconf 90' lang='lat' dir='ltr'>et</span> <span class='ocrx_word' id='word_1_97' title='bbox 1126 1947 1350 2011; x_wconf 87' lang='lat' dir='ltr'>dieunt</span> <span class='ocrx_word' id='word_1_98' title='bbox 1394 1946 1624 2031; x_wconf 82' lang='lat' dir='ltr'>aliqui,</span> <span class='ocrx_word' id='word_1_99' title='bbox 1671 1947 1844 2031; x_wconf 84' lang='lat' dir='ltr'>quod</span> <span class='ocrx_word' id='word_1_100' title='bbox 1884 1947 2075 2030; x_wconf 88' lang='lat' dir='ltr'>plura</span> <span class='ocrx_word' id='word_1_101' title='bbox 2114 1951 2324 2031; x_wconf 84' lang='lat' dir='ltr'>possit</span> 
     </span>
     <span class='ocr_line' id='line_1_14' title="bbox 320 2058 2323 2145; baseline 0.001 -21"><span class='ocrx_word' id='word_1_102' title='bbox 320 2058 549 2125; x_wconf 76' lang='lat' dir='ltr'>faeere</span> <span class='ocrx_word' id='word_1_103' title='bbox 596 2072 662 2124; x_wconf 87' lang='lat' dir='ltr'>et</span> <span class='ocrx_word' id='word_1_104' title='bbox 705 2058 899 2124; x_wconf 85' lang='lat' dir='ltr'>aliter</span> <span class='ocrx_word' id='word_1_105' title='bbox 941 2081 1134 2143; x_wconf 88' lang='lat' dir='ltr'>quam</span> <span class='ocrx_word' id='word_1_106' title='bbox 1174 2060 1360 2139; x_wconf 83' lang='lat' dir='ltr'>facit,</span> <span class='ocrx_word' id='word_1_107' title='bbox 1407 2081 1576 2145; x_wconf 84' lang='lat' dir='ltr'>quae</span> <span class='ocrx_word' id='word_1_108' title='bbox 1622 2059 1887 2125; x_wconf 86' lang='lat' dir='ltr'>damnat</span> <span class='ocrx_word' id='word_1_109' title='bbox 1928 2072 2148 2142; x_wconf 87' lang='lat' dir='ltr'>potest</span> <span class='ocrx_word' id='word_1_110' title='bbox 2189 2058 2323 2126; x_wconf 82' lang='lat' dir='ltr'>sal·</span> 
     </span>
     <span class='ocr_line' id='line_1_15' title="bbox 323 2170 2327 2254; baseline -0.001 -16"><span class='ocrx_word' id='word_1_111' title='bbox 323 2195 527 2252; x_wconf 88' lang='lat' dir='ltr'>vare,</span> <span class='ocrx_word' id='word_1_112' title='bbox 601 2184 669 2238; x_wconf 90' lang='lat' dir='ltr'>et</span> <span class='ocrx_word' id='word_1_113' title='bbox 728 2194 766 2236; x_wconf 90' lang='lat' dir='ltr'>e</span> <span class='ocrx_word' id='word_1_114' title='bbox 831 2193 1176 2238; x_wconf 83' lang='lat' dir='ltr'>converso.</span> <span class='ocrx_word' id='word_1_115' title='bbox 1264 2172 1351 2237; x_wconf 89' lang='lat' dir='ltr'>Et</span> <span class='ocrx_word' id='word_1_116' title='bbox 1404 2171 1489 2238; x_wconf 81' lang='lat' dir='ltr'>tle</span> <span class='ocrx_word' id='word_1_117' title='bbox 1541 2171 1670 2237; x_wconf 84' lang='lat' dir='ltr'>hoe</span> <span class='ocrx_word' id='word_1_118' title='bbox 1723 2172 1941 2254; x_wconf 88' lang='lat' dir='ltr'>lapide</span> <span class='ocrx_word' id='word_1_119' title='bbox 1996 2170 2327 2245; x_wconf 86' lang='lat' dir='ltr'>hominem</span> 
     </span>
     <span class='ocr_line' id='line_1_16' title="bbox 325 2282 2325 2370; baseline 0.001 -21"><span class='ocrx_word' id='word_1_120' title='bbox 325 2296 550 2370; x_wconf 85' lang='lat' dir='ltr'>potest</span> <span class='ocrx_word' id='word_1_121' title='bbox 589 2284 813 2350; x_wconf 82' lang='lat' dir='ltr'>faeere</span> <span class='ocrx_word' id='word_1_122' title='bbox 855 2296 924 2349; x_wconf 87' lang='lat' dir='ltr'>et</span> <span class='ocrx_word' id='word_1_123' title='bbox 967 2282 1165 2350; x_wconf 83' lang='lat' dir='ltr'>aliter</span> <span class='ocrx_word' id='word_1_124' title='bbox 1208 2306 1400 2369; x_wconf 87' lang='lat' dir='ltr'>quam</span> <span class='ocrx_word' id='word_1_125' title='bbox 1443 2286 1671 2364; x_wconf 86' lang='lat' dir='ltr'>faeiat,</span> <span class='ocrx_word' id='word_1_126' title='bbox 1717 2296 1785 2349; x_wconf 89' lang='lat' dir='ltr'>et</span> <span class='ocrx_word' id='word_1_127' title='bbox 1823 2283 2011 2351; x_wconf 88' lang='lat' dir='ltr'>talia.</span> <span class='ocrx_word' id='word_1_128' title='bbox 2099 2285 2187 2350; x_wconf 92' lang='lat' dir='ltr'>Et</span> <span class='ocrx_word' id='word_1_129' title='bbox 2226 2285 2325 2351; x_wconf 90' lang='lat' dir='ltr'>in-</span> 
     </span>
     <span class='ocr_line' id='line_1_17' title="bbox 326 2397 2322 2497; baseline 0.002 -33"><span class='ocrx_word' id='word_1_130' title='bbox 326 2397 568 2497; x_wconf 76' lang='lat' dir='ltr'>ducunt</span> <span class='ocrx_word' id='word_1_131' title='bbox 609 2397 763 2463; x_wconf 84' lang='lat' dir='ltr'>inde</span> <span class='ocrx_word' id='word_1_132' title='bbox 808 2397 1180 2484; x_wconf 81' lang='lat' dir='ltr'>exemplum</span> <span class='ocrx_word' id='word_1_133' title='bbox 1225 2401 1305 2464; x_wconf 88' lang='lat' dir='ltr'>de</span> <span class='ocrx_word' id='word_1_134' title='bbox 1348 2400 1539 2465; x_wconf 85' lang='lat' dir='ltr'>asina</span> <span class='ocrx_word' id='word_1_135' title='bbox 1575 2397 1854 2466; x_wconf 77' lang='lat' dir='ltr'><strong>Balaam</strong></span> <span class='ocrx_word' id='word_1_136' title='bbox 1900 2415 1967 2466; x_wconf 89' lang='lat' dir='ltr'>et</span> <span class='ocrx_word' id='word_1_137' title='bbox 2010 2400 2092 2466; x_wconf 82' lang='lat' dir='ltr'>de</span> <span class='ocrx_word' id='word_1_138' title='bbox 2137 2403 2322 2488; x_wconf 86' lang='lat' dir='ltr'>quin-</span> 
     </span>
     <span class='ocr_line' id='line_1_18' title="bbox 326 2509 2320 2604; baseline 0.002 -29"><span class='ocrx_word' id='word_1_139' title='bbox 326 2533 453 2596; x_wconf 79' lang='lat' dir='ltr'>que</span> <span class='ocrx_word' id='word_1_140' title='bbox 495 2509 814 2594; x_wconf 86' lang='lat' dir='ltr'>panibus,</span> <span class='ocrx_word' id='word_1_141' title='bbox 859 2512 941 2576; x_wconf 87' lang='lat' dir='ltr'>de</span> <span class='ocrx_word' id='word_1_142' title='bbox 983 2533 1191 2577; x_wconf 88' lang='lat' dir='ltr'>uxore</span> <span class='ocrx_word' id='word_1_143' title='bbox 1230 2511 1451 2591; x_wconf 89' lang='lat' dir='ltr'>Loth,</span> <span class='ocrx_word' id='word_1_144' title='bbox 1497 2513 1578 2577; x_wconf 86' lang='lat' dir='ltr'>de</span> <span class='ocrx_word' id='word_1_145' title='bbox 1623 2533 1791 2596; x_wconf 84' lang='lat' dir='ltr'>aqua</span> <span class='ocrx_word' id='word_1_146' title='bbox 1835 2514 2055 2604; x_wconf 82' lang='lat' dir='ltr'>vinum</span> <span class='ocrx_word' id='word_1_147' title='bbox 2100 2513 2320 2590; x_wconf 81' lang='lat' dir='ltr'>facta;</span> 
     </span>
     <span class='ocr_line' id='line_1_19' title="bbox 322 2623 2321 2712; baseline 0.001 -22"><span class='ocrx_word' id='word_1_148' title='bbox 322 2623 454 2690; x_wconf 80' lang='lat' dir='ltr'>hoe</span> <span class='ocrx_word' id='word_1_149' title='bbox 497 2646 753 2710; x_wconf 81' lang='lat' dir='ltr'>quoque</span> <span class='ocrx_word' id='word_1_150' title='bbox 793 2625 1089 2709; x_wconf 83' lang='lat' dir='ltr'>pluribus</span> <span class='ocrx_word' id='word_1_151' title='bbox 1141 2625 1518 2690; x_wconf 87' lang='lat' dir='ltr'>auctoribus</span> <span class='ocrx_word' id='word_1_152' title='bbox 1564 2626 1876 2690; x_wconf 87' lang='lat' dir='ltr'>nituntur.</span> <span class='ocrx_word' id='word_1_153' title='bbox 1969 2624 2059 2691; x_wconf 86' lang='lat' dir='ltr'>Ut</span> <span class='ocrx_word' id='word_1_154' title='bbox 2098 2624 2321 2712; x_wconf 81' lang='lat' dir='ltr'>Angu-</span> 
     </span>
     <span class='ocr_line' id='line_1_20' title="bbox 322 2737 2424 2823; baseline 0 -19"><span class='ocrx_word' id='word_1_155' title='bbox 322 2739 534 2804; x_wconf 87' lang='lat' dir='ltr'>stinus</span> <span class='ocrx_word' id='word_1_156' title='bbox 578 2740 821 2823; x_wconf 84' lang='lat' dir='ltr'>inquit:</span> <span class='ocrx_word' id='word_1_157' title='bbox 868 2738 993 2803; x_wconf 84' lang='lat' dir='ltr'>fuit</span> <span class='ocrx_word' id='word_1_158' title='bbox 1037 2750 1106 2802; x_wconf 88' lang='lat' dir='ltr'>et</span> <span class='ocrx_word' id='word_1_159' title='bbox 1146 2738 1318 2803; x_wconf 87' lang='lat' dir='ltr'>alius</span> <span class='ocrx_word' id='word_1_160' title='bbox 1349 2738 1581 2803; x_wconf 83' lang='lat' dir='ltr'>modus</span> <span class='ocrx_word' id='word_1_161' title='bbox 1617 2737 1952 2820; x_wconf 87' lang='lat' dir='ltr'>possibilis</span> <span class='ocrx_word' id='word_1_162' title='bbox 1980 2738 2158 2820; x_wconf 90' lang='lat' dir='ltr'>Deo,</span> <span class='ocrx_word' id='word_1_163' title='bbox 2204 2740 2327 2806; x_wconf 80' lang='lat' dir='ltr'>sed</span> <span class='ocrx_word' id='word_1_164' title='bbox 2413 2797 2424 2814; x_wconf 82' lang='grc'><strong>,</strong></span> 
     </span>
     <span class='ocr_line' id='line_1_21' title="bbox 322 2850 2317 2922; baseline 0.002 -5"><span class='ocrx_word' id='word_1_165' title='bbox 322 2850 545 2918; x_wconf 85' lang='lat' dir='ltr'>nullus</span> <span class='ocrx_word' id='word_1_166' title='bbox 588 2864 856 2917; x_wconf 83' lang='lat' dir='ltr'>nostrae</span> <span class='ocrx_word' id='word_1_167' title='bbox 919 2853 1228 2917; x_wconf 81' lang='lat' dir='ltr'>miseriae</span> <span class='ocrx_word' id='word_1_168' title='bbox 1274 2853 1784 2917; x_wconf 76' lang='lat' dir='ltr'>convenientior.</span> <span class='ocrx_word' id='word_1_169' title='bbox 1877 2850 2047 2918; x_wconf 85' lang='lat' dir='ltr'>Item</span> <span class='ocrx_word' id='word_1_170' title='bbox 2097 2854 2317 2922; x_wconf 80' lang='lat' dir='ltr'>idem:</span> 
     </span>
     <span class='ocr_line' id='line_1_22' title="bbox 324 2966 2322 3051; baseline 0.001 -20"><span class='ocrx_word' id='word_1_171' title='bbox 324 2968 436 3051; x_wconf 80' lang='lat' dir='ltr'>qui</span> <span class='ocrx_word' id='word_1_172' title='bbox 496 2967 840 3032; x_wconf 73' lang='lat' dir='ltr'>suscitavit</span> <span class='ocrx_word' id='word_1_173' title='bbox 894 2966 1227 3031; x_wconf 86' lang='lat' dir='ltr'>Lazarum</span> <span class='ocrx_word' id='word_1_174' title='bbox 1290 2967 1360 3030; x_wconf 91' lang='lat' dir='ltr'>in</span> <span class='ocrx_word' id='word_1_175' title='bbox 1427 2987 1739 3051; x_wconf 82' lang='lat' dir='ltr'>corpore,</span> <span class='ocrx_word' id='word_1_176' title='bbox 1809 2970 2020 3049; x_wconf 82' lang='lat' dir='ltr'>potuit</span> <span class='ocrx_word' id='word_1_177' title='bbox 2086 2966 2322 3032; x_wconf 78' lang='lat' dir='ltr'>sudam</span> 
     </span>
     <span class='ocr_line' id='line_1_23' title="bbox 321 3078 2324 3167; baseline -0.001 -21"><span class='ocrx_word' id='word_1_178' title='bbox 321 3080 646 3146; x_wconf 77' lang='lat' dir='ltr'>suscitare</span> <span class='ocrx_word' id='word_1_179' title='bbox 689 3080 761 3143; x_wconf 90' lang='lat' dir='ltr'>in</span> <span class='ocrx_word' id='word_1_180' title='bbox 804 3078 1050 3148; x_wconf 85' lang='lat' dir='ltr'>mente.</span> <span class='ocrx_word' id='word_1_181' title='bbox 1134 3081 1219 3146; x_wconf 92' lang='lat' dir='ltr'>Et</span> <span class='ocrx_word' id='word_1_182' title='bbox 1274 3079 1574 3145; x_wconf 86' lang='lat' dir='ltr'>dominus</span> <span class='ocrx_word' id='word_1_183' title='bbox 1618 3083 1688 3145; x_wconf 91' lang='lat' dir='ltr'>in</span> <span class='ocrx_word' id='word_1_184' title='bbox 1732 3078 2127 3167; x_wconf 86' lang='lat' dir='ltr'>evangelio,</span> <span class='ocrx_word' id='word_1_185' title='bbox 2187 3100 2324 3144; x_wconf 87' lang='lat' dir='ltr'>non</span> 
     </span>
     <span class='ocr_line' id='line_1_24' title="bbox 321 3189 2366 3277; baseline 0 -19"><span class='ocrx_word' id='word_1_186' title='bbox 321 3213 588 3277; x_wconf 85' lang='lat' dir='ltr'>possum</span> <span class='ocrx_word' id='word_1_187' title='bbox 630 3192 724 3257; x_wconf 85' lang='lat' dir='ltr'>ait</span> <span class='ocrx_word' id='word_1_188' title='bbox 766 3213 1005 3277; x_wconf 83' lang='lat' dir='ltr'>rogare</span> <span class='ocrx_word' id='word_1_189' title='bbox 1050 3203 1299 3273; x_wconf 88' lang='lat' dir='ltr'>patrem</span> <span class='ocrx_word' id='word_1_190' title='bbox 1343 3214 1601 3271; x_wconf 90' lang='lat' dir='ltr'>meum,</span> <span class='ocrx_word' id='word_1_191' title='bbox 1668 3205 1734 3258; x_wconf 90' lang='lat' dir='ltr'>et</span> <span class='ocrx_word' id='word_1_192' title='bbox 1779 3190 2121 3259; x_wconf 82' lang='lat' dir='ltr'>exhibebit</span> <span class='ocrx_word' id='word_1_193' title='bbox 2160 3189 2324 3258; x_wconf 85' lang='lat' dir='ltr'>mihi</span> <span class='ocrx_word' id='word_1_194' title='bbox 2361 3233 2366 3240; x_wconf 82' lang='lat'><em>·</em></span> 
     </span>
     <span class='ocr_line' id='line_1_25' title="bbox 321 3301 2321 3392; baseline -0.001 -24"><span class='ocrx_word' id='word_1_195' title='bbox 321 3302 470 3389; x_wconf 87' lang='lat' dir='ltr'>plus</span> <span class='ocrx_word' id='word_1_196' title='bbox 515 3324 708 3388; x_wconf 81' lang='lat' dir='ltr'>quam</span> <span class='ocrx_word' id='word_1_197' title='bbox 748 3302 974 3369; x_wconf 84' lang='lat' dir='ltr'>decem</span> <span class='ocrx_word' id='word_1_198' title='bbox 1014 3302 1321 3391; x_wconf 79' lang='lat' dir='ltr'>legiones</span> <span class='ocrx_word' id='word_1_199' title='bbox 1373 3302 1801 3392; x_wconf 82' lang='lat' dir='ltr'>angelorqu</span> <span class='ocrx_word' id='word_1_200' title='bbox 1872 3304 2004 3371; x_wconf 81' lang='lat' dir='ltr'>Sed</span> <span class='ocrx_word' id='word_1_201' title='bbox 2047 3316 2118 3369; x_wconf 88' lang='lat' dir='ltr'>ut</span> <span class='ocrx_word' id='word_1_202' title='bbox 2158 3301 2321 3370; x_wconf 86' lang='lat' dir='ltr'>mihi</span> 
     </span>
     <span class='ocr_line' id='line_1_26' title="bbox 322 3417 2320 3506; baseline 0 -23"><span class='ocrx_word' id='word_1_203' title='bbox 322 3417 581 3483; x_wconf 84' lang='lat' dir='ltr'>videtur</span> <span class='ocrx_word' id='word_1_204' title='bbox 636 3438 757 3480; x_wconf 87' lang='lat' dir='ltr'>nee</span> <span class='ocrx_word' id='word_1_205' title='bbox 813 3419 1203 3499; x_wconf 74' lang='lat' dir='ltr'>sapientiam</span> <span class='ocrx_word' id='word_1_206' title='bbox 1242 3417 1373 3484; x_wconf 90' lang='lat' dir='ltr'>Dei</span> <span class='ocrx_word' id='word_1_207' title='bbox 1440 3430 1888 3506; x_wconf 79' lang='lat' dir='ltr'>cognoverunt</span> <span class='ocrx_word' id='word_1_208' title='bbox 1930 3439 2053 3483; x_wconf 87' lang='lat' dir='ltr'>nee</span> <span class='ocrx_word' id='word_1_209' title='bbox 2096 3429 2320 3483; x_wconf 84' lang='lat' dir='ltr'>aueto-</span> 
     </span>
     <span class='ocr_line' id='line_1_27' title="bbox 319 3528 2322 3597; baseline 0.001 -2"><span class='ocrx_word' id='word_1_210' title='bbox 319 3551 432 3596; x_wconf 84' lang='lat' dir='ltr'>res</span> <span class='ocrx_word' id='word_1_211' title='bbox 472 3528 972 3595; x_wconf 80' lang='lat' dir='ltr'>intellexerunt.</span> <span class='ocrx_word' id='word_1_212' title='bbox 1064 3528 1228 3597; x_wconf 87' lang='lat' dir='ltr'>Cum</span> <span class='ocrx_word' id='word_1_213' title='bbox 1271 3532 1450 3597; x_wconf 89' lang='lat' dir='ltr'>enim</span> <span class='ocrx_word' id='word_1_214' title='bbox 1507 3543 1582 3596; x_wconf 91' lang='lat' dir='ltr'>ut</span> <span class='ocrx_word' id='word_1_215' title='bbox 1637 3532 1878 3597; x_wconf 84' lang='lat' dir='ltr'>dietum</span> <span class='ocrx_word' id='word_1_216' title='bbox 1937 3544 2040 3596; x_wconf 86' lang='lat' dir='ltr'>est</span> <span class='ocrx_word' id='word_1_217' title='bbox 2103 3530 2322 3597; x_wconf 90' lang='lat' dir='ltr'>Deum</span> 
     </span>
     <span class='ocr_line' id='line_1_28' title="bbox 328 3643 2322 3727; baseline 0.001 -19"><span class='ocrx_word' id='word_1_218' title='bbox 328 3644 876 3726; x_wconf 72' lang='lat' dir='ltr'>omnisapientem</span> <span class='ocrx_word' id='word_1_219' title='bbox 935 3664 1085 3709; x_wconf 87' lang='lat' dir='ltr'>esse</span> <span class='ocrx_word' id='word_1_220' title='bbox 1152 3655 1444 3724; x_wconf 84' lang='lat' dir='ltr'>constet,</span> <span class='ocrx_word' id='word_1_221' title='bbox 1521 3643 1935 3710; x_wconf 87' lang='lat' dir='ltr'>rationabilis</span> <span class='ocrx_word' id='word_1_222' title='bbox 1997 3654 2101 3709; x_wconf 88' lang='lat' dir='ltr'>est</span> <span class='ocrx_word' id='word_1_223' title='bbox 2160 3663 2322 3727; x_wconf 86' lang='lat' dir='ltr'>prae</span> 
     </span>
     <span class='ocr_line' id='line_1_29' title="bbox 322 3754 2325 3843; baseline 0 -23"><span class='ocrx_word' id='word_1_224' title='bbox 322 3754 627 3824; x_wconf 86' lang='lat' dir='ltr'>omnibus</span> <span class='ocrx_word' id='word_1_225' title='bbox 689 3757 1028 3822; x_wconf 84' lang='lat' dir='ltr'>creaturis.</span> <span class='ocrx_word' id='word_1_226' title='bbox 1136 3754 1311 3831; x_wconf 77' lang='lat' dir='ltr'>Quid</span> <span class='ocrx_word' id='word_1_227' title='bbox 1371 3758 1572 3843; x_wconf 85' lang='lat' dir='ltr'>igitur</span> <span class='ocrx_word' id='word_1_228' title='bbox 1613 3755 2003 3842; x_wconf 47' lang='lat' dir='ltr'>,faciendum</span> <span class='ocrx_word' id='word_1_229' title='bbox 2067 3756 2156 3822; x_wconf 87' lang='lat' dir='ltr'>sit</span> <span class='ocrx_word' id='word_1_230' title='bbox 2212 3754 2325 3821; x_wconf 83' lang='lat' dir='ltr'>vel</span> 
     </span>
     <span class='ocr_line' id='line_1_30' title="bbox 320 3864 2319 3949; baseline -0.001 -19"><span class='ocrx_word' id='word_1_231' title='bbox 320 3885 479 3945; x_wconf 85' lang='lat' dir='ltr'>non,</span> <span class='ocrx_word' id='word_1_232' title='bbox 522 3867 857 3948; x_wconf 82' lang='lat' dir='ltr'>sapienter</span> <span class='ocrx_word' id='word_1_233' title='bbox 900 3877 967 3930; x_wconf 89' lang='lat' dir='ltr'>et</span> <span class='ocrx_word' id='word_1_234' title='bbox 1007 3864 1497 3931; x_wconf 83' lang='lat' dir='ltr'>rationabiliter</span> <span class='ocrx_word' id='word_1_235' title='bbox 1525 3867 1850 3949; x_wconf 82' lang='lat' dir='ltr'>providet.</span> <span class='ocrx_word' id='word_1_236' title='bbox 1920 3864 2111 3931; x_wconf 87' lang='lat' dir='ltr'>Videt</span> <span class='ocrx_word' id='word_1_237' title='bbox 2145 3864 2319 3929; x_wconf 88' lang='lat' dir='ltr'>enim</span> 
     </span>
     <span class='ocr_line' id='line_1_31' title="bbox 324 3976 2321 4066; baseline 0.001 -24"><span class='ocrx_word' id='word_1_238' title='bbox 324 3997 590 4044; x_wconf 83' lang='lat' dir='ltr'>oausam</span> <span class='ocrx_word' id='word_1_239' title='bbox 630 3977 1129 4060; x_wconf 84' lang='lat' dir='ltr'>rationabilem,</span> <span class='ocrx_word' id='word_1_240' title='bbox 1176 4002 1377 4066; x_wconf 84' lang='lat' dir='ltr'>quare</span> <span class='ocrx_word' id='word_1_241' title='bbox 1424 3983 1826 4046; x_wconf 84' lang='lat' dir='ltr'>conveniens</span> <span class='ocrx_word' id='word_1_242' title='bbox 1868 3981 1958 4044; x_wconf 90' lang='lat' dir='ltr'>sit</span> <span class='ocrx_word' id='word_1_243' title='bbox 2001 3976 2128 4043; x_wconf 83' lang='lat' dir='ltr'>hoo</span> <span class='ocrx_word' id='word_1_244' title='bbox 2170 3977 2321 4043; x_wconf 87' lang='lat' dir='ltr'>fieri</span> 
     </span>
     <span class='ocr_line' id='line_1_32' title="bbox 326 4088 2324 4182; baseline 0.002 -28"><span class='ocrx_word' id='word_1_245' title='bbox 326 4088 439 4156; x_wconf 84' lang='lat' dir='ltr'>vel</span> <span class='ocrx_word' id='word_1_246' title='bbox 482 4111 651 4173; x_wconf 81' lang='lat' dir='ltr'>non,</span> <span class='ocrx_word' id='word_1_247' title='bbox 719 4090 830 4158; x_wconf 88' lang='lat' dir='ltr'>vel</span> <span class='ocrx_word' id='word_1_248' title='bbox 885 4113 1087 4179; x_wconf 84' lang='lat' dir='ltr'>quare</span> <span class='ocrx_word' id='word_1_249' title='bbox 1143 4093 1617 4160; x_wconf 83' lang='lat' dir='ltr'>inconveniens</span> <span class='ocrx_word' id='word_1_250' title='bbox 1661 4095 1760 4182; x_wconf 31' lang='lat' dir='ltr'>‚sit</span> <span class='ocrx_word' id='word_1_251' title='bbox 1819 4090 1946 4158; x_wconf 86' lang='lat' dir='ltr'>hoe</span> <span class='ocrx_word' id='word_1_252' title='bbox 2000 4088 2148 4157; x_wconf 85' lang='lat' dir='ltr'>fieri</span> <span class='ocrx_word' id='word_1_253' title='bbox 2211 4090 2324 4158; x_wconf 80' lang='lat' dir='ltr'>vel</span> 
     </span>
    </p>
   </div>
  </div>
 </body>
</html>
