2842 4800
2207 417 2332 490 25,

314 622 532 693 ipsam
575 598 963 683 sapientiam
1026 617 1115 661 ex
1155 594 1365 679 patris
1410 591 1822 674 substantia,
1880 596 1951 662 in
2012 616 2143 680 qua
2187 600 2315 668 est,

319 717 530 803 gigni.
622 710 797 777 Tale
841 723 944 775 est
988 730 1146 796 ergo
1191 709 1582 791 sapientiam
1623 706 1855 773 ludere
1882 728 2101 773 coram
2133 715 2321 787 patre

323 840 394 893 et
437 846 579 892 cum
625 828 768 908 ipso
815 834 1050 888 cuncta
1093 798 1521 904 componere,
1586 842 1664 886 ac
1725 822 1787 886 si
1830 821 2070 886 dixerit
2109 823 2323 904 ipsam

323 945 615 1009 divinam
656 944 1021 1025 potentiam
1065 939 1285 1008 omnia
1327 938 1457 1003 sibi
1498 941 1566 1002 in
1610 941 1935 1021 sapientia
1973 957 2091 1021 pro
2134 935 2323 1001 boni·

321 1057 481 1120 tatis
527 1077 689 1121 suae
735 1054 1007 1119 arbitrio
1053 1053 1424 1135 disponere,
1468 1064 1543 1116 ut
1573 1055 1809 1136 inipso
1853 1050 2152 1129 ludo‚(in
2186 1051 2321 1133 s‘pi-

322 1171 486 1252 ritu)
520 1167 836 1232 bonitatis
881 1167 1184 1231 affectum
1227 1165 1707 1253 intelligamus.
1793 1165 1899 1230 De
1948 1186 2073 1248 quo
2118 1164 2324 1245 scrip-

323 1295 465 1347 tum
489 1295 625 1346 est:
670 1282 993 1363 spiritu(s)
1020 1281 1152 1343 oris
1183 1283 1328 1364 ejus
1360 1281 1575 1343 omnis
1605 1281 1813 1343 virtus
1839 1298 2086 1341 eorum.
2133 1273 2329 1351 Quod
2354 1348 2362 1361 ι

325 1415 488 1459 vero
556 1394 651 1456 ait
713 1394 1103 1475 sapientiam
1162 1413 1381 1456 coram
1422 1374 1573 1456 Deo
1631 1403 1817 1474 patre
1888 1409 2146 1470 semper
2218 1407 2328 1451 as-

298 1509 594 1585 -sistere,
640 1503 778 1568 tale
821 1516 947 1581 est,
991 1505 1201 1585 ipsam
1253 1499 1794 1586 omnipotentiam
1847 1500 2013 1566 nihil
2061 1500 2330 1566 efficere

302 1594 465 1684 'nisi
508 1617 931 1703 praebentem
991 1617 1314 1680 rationem
1381 1628 1449 1679 et
1510 1615 1814 1680 ducatum
1840 1623 1896 1697 ⁷)
1940 1616 2327 1698 sapientiae.

328 1732 500 1797 Item
547 1733 615 1795 in
661 1730 910 1793 eisdem
952 1727 1335 1793 Proverbiis
1393 1727 1475 1792 de
1534 1727 1676 1806 filio
1720 1727 1853 1792 Dei
1898 1740 1966 1791 et
2007 1724 2334 1807 ineffabili

333 1849 599 1909 nomine
670 1844 876 1925 ipsius
946 1863 1203 1924 quoque
1267 1840 1393 1907 filii
1471 1841 2013 1906 manifestissime
2076 1840 2330 1917 scribit,

336 1959 525 2041 quasi
579 1956 895 2019 inducens
948 1974 1296 2039 personam
1353 1955 1692 2038 cujusdam
1735 1952 2139 2018 admirabilis
2181 1973 2332 2039 pro-

334 2069 600 2155 phetae,
648 2068 819 2133 hanc
859 2067 1375 2134 inenarrabilem
1418 2070 1911 2154 generationem
1939 2063 2333 2149 prophetan-

339 2185 425 2249 tis
472 2195 540 2249 et
594 2182 1003 2248 admirantis.
1088 2181 1275 2247 Dicit
1320 2185 1552 2265 quippe
1596 2184 1695 2246 sic
1738 2182 1951 2260 visio,
2000 2176 2335 2264 quam-lo-

262 2335 275 2339 -
339 2309 527 2364 cutus
571 2308 673 2361 est
718 2297 852 2376 vir,
898 2316 1043 2360 cum
1086 2317 1214 2379 quo
1261 2308 1367 2361 est
1408 2297 1595 2363 Deus
1639 2307 1709 2360 et
1749 2297 1875 2380 qui
1917 2294 2065 2360 Deo
2114 2314 2340 2358 secum

339 2424 636 2503 morante
682 2411 1088 2477 confortatus
1132 2413 1260 2477 ait:
1331 2413 1501 2496 Quis
1547 2413 1896 2478 suscitavit
1937 2430 2161 2475 omnes
2202 2418 2337 2470 ter-

344 2527 559 2592 minos
601 2536 857 2605 terrae,
919 2525 1091 2610 quod
1138 2547 1375 2592 nomen
1416 2528 1566 2611 ejus
1611 2539 1678 2589 et
1722 2526 1893 2609 quod
1936 2544 2174 2590 nomen
2217 2518 2343 2585 filii

343 2639 536 2725 ejus?
624 2636 836 2714 Quam
878 2622 1136 2702 firmum
1181 2649 1248 2701 et
1292 2623 1485 2721 quam
1528 2650 1821 2721 apertum
1871 2637 2029 2703 fidei
2075 2649 2339 2702 nostrae

344 2754 788 2819 testimonium
830 2754 900 2817 iu
945 2752 1404 2817 ecclesiastico
1437 2753 1743 2831 occurrit,
1787 2750 1902 2815 ubi
1935 2751 2195 2833 quidem
2231 2770 2339 2813 sa·
2453 2829 2457 2834 ι

342 2868 595 2951 pientia
620 2864 754 2930 Dei
799 2875 866 2928 et
909 2884 983 2928 se
1023 2864 1526 2949 primogenitam
1568 2875 1721 2929 ante
1767 2865 1988 2928 omnia
2032 2864 2191 2927 dicit
2232 2882 2341 2943 seg-
2406 2880 2413 2888 ·

348 2979 625 3045 cundum
669 2953 1033 3042 divinitatis¹
1089 2990 1386 3042 naturam
1449 2991 1515 3042 et
1554 2989 1707 3061 post
1748 2973 2010 3043 modum
2055 2988 2344 3041 creatam

347 3093 705 3158 secundum
774 3103 1038 3156 nostrae
1098 3104 1371 3157 naturae
1441 3093 1946 3172 assumtionem,
2013 3113 2157 3157 cum
2198 3094 2345 3176 ipsa

347 3197 663 3272 videlicet
708 3205 789 3269 ad
832 3207 1172 3288 imperium
1212 3207 1420 3288 patris
1482 3227 1600 3289 per
1640 3208 2115 3300 incarpationis
2156 3179 2345 3271 habi-

351 3330 486 3384 tum
534 3320 907 3385 visitaverit
947 3316 1189 3384 Israe'l.
1250 3318 1605 3402 -Scriptum
1650 3324 1882 3403 quippe
1926 3332 2031 3386 est
2071 3319 2191 3401 ibi,
2238 3342 2346 3385 sa·

346 3433 602 3517 pientia
645 3432 1004 3498 electorum
1057 3435 1127 3496 in
1183 3433 1600 3498 multitudine
1665 3432 1934 3499 habebit
1977 3431 2238 3513 laudem
2281 3443 2351 3497 et

347 3547 523 3630 inte-r
565 3544 948 3636 benedictos
993 3544 1418 3612 benedicetur
1463 3547 1719 3613 dicens:
1783 3553 1912 3634 ego
1954 3567 2044 3612 ex
2088 3568 2206 3612 ore
2249 3545 2349 3611 al·

351 3660 590 3725 tissimi
628 3658 879 3742 prodii,
947 3645 1382 3747 primogenita
1444 3672 1598 3727 ante
1654 3681 1914 3726 omnem
1955 3672 2348 3738 creaturam,

353 3793 479 3861 ego
523 3775 594 3838 in
638 3770 859 3837 coelis·
898 3770 1032 3837 feci
1069 3788 1175 3848 ut·
1208 3776 1490 3862 oriretur
1544 3769 1768 3842 lumen
1809 3774 2238 3852 indeficiens,
2284 3782 2353 3837 et

350 3889 526 3953 sicut
567 3883 813 3952 ‘nebula
842 3888 996 3972 ‚texi
1040 3906 1299 3950 omnem
1349 3901 1618 3956 terram.
1705 3889 1856 3978 Ego·
1892 3891 1964 3954 in
2009 3884 2355 3956 altissimis

351 3998 582 4067 habito
646 4012 717 4065 et
777 3996 1051 4065 thronus
1093 4020 1281 4066 meus
1336 4002 1408 4067 iu
1450 4004 1758 4073 columna
1797 4002 2015 4069 nubis.
2106 3998 2353 4084 Gyrum

353 4110 525 4179 coeli
569 4111 838 4182 circuivi
901 4110 1052 4179 sola
1095 4124 1164 4180 et
1207 4123 1511 4194 caetera,
1579 4124 1648 4178 et
1685 4126 1840 4196 port
1875 4132 2131 4202 pauca,
2202 4120 2356 4188 tune
