2842 4800
2164 392 2324 468 111

334 570 718 635 ini'mine‘nte
762 587 894 631 non
926 564 1339 645 confiteatur,
1384 586 1516 629 non
1558 576 1824 649 propter
1864 563 1991 631 hoc
2026 575 2326 632 aeterna·

334 682 488 748 liter
532 682 853 763 punietur.
943 677 1018 743 Si
1068 656 1285 743 autem
1331 701 1415 743 ex
1460 691 1789 763 contemtu
1833 680 1938 744 vel
1983 700 2069 744 ex
2114 680 2325 765 negli-

336 799 582 883 gentia·
628 796 1054 872 remanserit,
1132 794 1215 856 de
1273 790 1399 857 hac
1457 792 1879 857 aeternaliter
1933 778 2326 876 puniendum

335 911 713 974 asserimus.
799 904 1032 989 Neque
1089 906 1262 969 enim
1317 926 1542 969 veram
1605 907 1818 969 cordis
1864 908 2323 970 contritionem

334 1020 644 1086 habuisse
687 1019 945 1083 videtur
988 1030 1054 1082 et
1097 1020 1156 1082 si
1197 1016 1502 1084 habuerit
1565 1038 1651 1081 ex
1713 1016 1839 1080 hoc
1894 1030 2108 1081 tamen
2154 1019 2326 1103 quod

332 1131 1020 1199 institutaEcclesiae
1064 1132 1442 1207 contemnit,
1493 1129 1918 1207 aeternaliter
1959 1131 2324 1211 puniendus

335 1268 487 1312 esse
529 1244 954 1309 convincitur.
1042 1241 1113 1307 Si
1159 1263 1317 1307 vero
1376 1255 1449 1306 ut
1504 1243 1785 1306 diximus
1852 1241 2074 1326 aliqua
2119 1262 2318 1306 causa

332 1359 795 1445 praepediente
853 1357 937 1420 ad
987 1358 1309 1422 minorem
1362 1359 1590 1439 nequit
1638 1344 1961 1420 accedere
2009 1357 2320 1420 sacerdo·
2425 1368 2430 1375 '

335 1487 493 1551 tem,
540 1469 823 1533 accedat.
851 1467 934 1531 ad
976 1469 1335 1551 majorem,
1396 1468 1481 1532 de
1529 1488 1653 1551 quo
1697 1468 1765 1531 in
1813 1467 2322 1538 Ecclesiastico:

337 1607 492 1651 ecce
553 1582 861 1648 sacerdos
929 1600 1201 1668 magnus
1260 1592 1388 1645 etc.
1489 1580 1577 1644 Et
1630 1579 2021 1663 Apostolus:
2101 1583 2327 1667 plures
2409 1626 2426 1643 ,

336 1700 497 1764 facti
538 1709 689 1761 sunt
726 1694 1106 1760 sacerdotes
1150 1705 1279 1757 etc.
1365 1691 1490 1757 Cui
1544 1696 1715 1758 enim
1760 1694 2045 1761 visibilis
2102 1720 2326 1764 sacer-

332 1812 454 1875 dos
498 1812 707 1888 deest,
754 1806 838 1872 ab
883 1829 964 1872 eo
1007 1806 1357 1873 invisibilis
1400 1810 1665 1872 minime
1710 1806 1922 1886 abest,
1969 1812 2167 1875 immo
2212 1818 2324 1896 qui

331 1923 476 1988 vult
518 1920 816 1986 confiteri
869 1932 937 1984 et
999 1940 1130 1984 non
1188 1931 1405 2002 potest
1473 1920 1646 2003 quod
1688 1919 1972 1984 visibilis
2013 1926 2325 1991 sacerdos

333 2037 767 2113 ministraret,
820 2031 948 2098 hoc
992 2034 1057 2096 ei
1098 2031 1451 2097 invisibilis
1495 2033 1796 2115 supplere
1843 2055 2167 2118 nunquam
2211 2040 2323 2104 de-

333 2148 663 2233 dignatur.
749 2143 1123 2211 Notandum
1180 2147 1341 2210 sane
1406 2156 1548 2223 est,
1615 2146 1785 2227 quod
1844 2167 1931 2210 ex
1984 2149 2325 2232 dispensa-

333 2262 513 2324 tione
571 2281 825 2343 quoque
882 2269 1102 2341 potest
1162 2257 1398 2342 aliquis
1452 2258 1967 2324 a-c‘onsessione
2033 2283 2321 2348 cessare,

330 2374 443 2458 qui
485 2385 748 2457 propter
789 2370 915 2437 hoc
960 2392 1091 2437 non
1134 2373 1343 2458 magis
1388 2371 1750 2455 puniendus
1797 2374 2040 2439 extitit.
2129 2375 2323 2454 Quod

328 2494 397 2555 in
423 2477 619 2554 Petro
666 2490 980 2573 perpendi
1005 2488 1204 2554 facile
1251 2488 1481 2573 liquet.
1570 2488 1733 2554 Cum
1778 2492 1947 2554 enim
1976 2490 2209 2556 Petrus
2249 2496 2322 2559 in

328 2604 658 2685 primitiva
714 2602 1013 2669 Ecclesia
1074 2615 1292 2684 esset,
1357 2603 1467 2667 ubi
1530 2624 1759 2668 omnes
1813 2602 2025 2669 adhuc
2082 2604 2322 2671 infirmi

332 2728 553 2791 erant,
619 2737 704 2782 ex
760 2717 1253 2800 dispensatione
1312 2717 1796 2781 confessionem
1841 2718 1922 2782 de
1968 2719 2324 2803 negatione

330 2829 634 2908 reticuit,
703 2831 854 2913 quia
898 2830 957 2894 si
1001 2828 1172 2894 hunc
1219 2843 1467 2894 tantum
1512 2829 1852 2895 Ecclesiae
1896 2829 2321 2896 architectum

331 2935 798 3027 tam‘graviter
836 2941 952 3006 alii
995 2945 1318 3006 corruisse
1365 2945 1752 3021 novissent,
1812 2942 2083 3007 multum
2124 2944 2192 3005 in
2237 2962 2319 3005 eo

326 3054 761 3121 scandalizati
806 3055 1107 3119 fuissent.
1158 3054 1389 3130 „Quod
1438 3068 1653 3120 autem
1697 3056 1938 3120 infirmi
1985 3071 2208 3122 essent
2237 3055 2319 3121 ad

329 3163 711 3230 scandalum
770 3166 998 3248 proni,
1061 3167 1203 3249 ipse
1249 3166 1570 3233 Dominus
1643 3169 1966 3250 ostendit,
2037 3167 2146 3234 ubi
2191 3170 2319 3232 ait:

330 3278 542 3343 Sinite
588 3299 704 3341 eos
734 3276 940 3357 abire,
986 3289 1054 3342 ut
1083 3278 1431 3360 impleatur
1460 3280 1819 3362 scriptura:
1866 3302 1952 3345 ex
1983 3279 2109 3360 his,
2155 3299 2324 3364 quos

254 3435 265 3442 -
324 3391 593 3456 tradidit
632 3388 795 3453 mihi
836 3401 1059 3472 pater,
1115 3411 1246 3454 non
1306 3392 1561 3473 perdidi
1610 3414 2021 3477 quemquam.
2110 3387 2324 3474 Super

326 3504 498 3568 hune
567 3504 808 3568 etenim
882 3502 1098 3568 locum
1167 3504 1326 3568 dicit
1388 3504 1834 3591 Augustinus:
1920 3527 2053 3571 non
2132 3516 2321 3570 erant

329 3627 550 3680 tantae
593 3615 777 3696 fidei,
822 3617 894 3682 in
939 3638 1066 3701 qua
1110 3616 1355 3682 salvari
1411 3631 1708 3701 possent,
1754 3631 1821 3684 et
1863 3620 2014 3683 ideo
2060 3620 2120 3683 si
2164 3630 2320 3682 tunc

326 3730 566 3791 mortui
628 3743 854 3796 essent
921 3731 1348 3796 aeternaliter
1408 3733 1699 3798 damnati
1768 3745 2013 3798 essent.
2125 3730 2320 3809 Quod

322 3858 485 3903 vero
527 3839 759 3908 Petrus
804 3864 935 3908 non
981 3843 1592 3925 confessusfuerit,
1636 3868 1721 3911 ex
1768 3846 2153 3911 auctoritate
2202 3843 2319 3909 ha-

324 3947 591 4027 bemus;
660 3957 753 4019 ait
809 3960 980 4022 enim
1042 3957 1186 4023 Leo
1257 3979 1464 4045 papa:
1523 3958 1848 4043 lacrymas
1917 3959 2099 4024 Petri
2158 3956 2320 4043 legi,

330 4062 815 4135 confessionem
880 4090 1013 4137 non
1072 4072 1363 4138 invenio.
1464 4070 1716 4140 Delent
1774 4091 1933 4161 ergo
1994 4068 2328 4158 lacrymae
