2842 4800
2231 362 2343 439 61

352 527 532 592 enim
575 525 731 592 dicit
770 526 1180 614 Augustinus
1232 539 1300 591 et
1342 527 1425 593 de
1465 526 1660 601 malis
1701 549 1853 595 esse
1893 528 2350 614 praedestina·

338 641 625 719 tionem,
683 662 802 723 pro
862 641 1302 722 praescientia
1360 642 1635 724 accepit.
1721 642 1846 707 Est
1882 653 2102 708 autem
2140 662 2334 726 prae·
2423 646 2429 652 ’

340 751 701 816 destinatio
746 753 1001 843 gratiae
1026 756 1468 836 praeparatio,
1512 755 1741 838 incipit
1781 753 1865 818 ab
1907 756 2052 840 ipso
2094 776 2347 842 genere

334 862 681 941 donorum,
712 885 827 945 per
847 866 1726 966 successionenkdivinorum
1754 865 2073 933 bonorum
2097 866 2343 935 deinde

335 973 730 1069 collatorum
775 997 981 1060 usque
1027 977 1111 1041 ad
1152 976 1349 1042 finem
1390 980 1760 1061 praesentis
1806 980 1986 1044 vitae
2014 979 2339 1061 procedit.

333 1084 450 1151 Sic
491 1088 696 1174 igitur
737 1087 1180 1170 temporaliter
1233 1089 1312 1154 fit
1367 1093 1498 1154 ista
1538 1092 1974 1173 praeparatio.
2063 1090 2134 1156 Si
2177 1104 2340 1157 vero

333 1200 848 1283 praedestinatio
894 1202 977 1267 ab
1021 1214 1295 1267 aeterno
1341 1224 1493 1268 esse
1538 1204 1832 1283 dicatur,
1897 1205 2068 1269 sicut
2120 1205 2343 1287 provi·

334 1314 563 1377 dentia
605 1313 716 1378 vel
757 1316 955 1379 etiam
1000 1314 1383 1398 dispositio,
1427 1327 1503 1379 ut
1546 1335 1691 1381 cum
1736 1314 2047 1396 dicimus,
2093 1314 2176 1380 ab
2220 1336 2344 1382 ae-

343 1438 532 1492 terno
576 1429 780 1492 etiam
823 1427 1336 1510 praedestinavit
1379 1426 1552 1491 hunc
1606 1427 1692 1491 ad
1746 1428 1985 1507 vitam,
2052 1425 2192 1492 tale
2236 1438 2344 1494 est

334 1558 418 1602 ac
461 1539 523 1617 si
560 1538 854 1604 dicatur:
899 1537 982 1603 ab
1026 1551 1295 1604 aeterno
1332 1539 1661 1639 providet,
1707 1538 1881 1622 quod
1924 1537 2175 1623 aliquid
2218 1537 2342 1603 bo-

343 1672 498 1715 num
543 1653 731 1716 daret
773 1650 958 1732 huic,
1022 1674 1139 1735 per
1181 1652 1353 1736 quod
1393 1650 1785 1716 salvaretur.
1872 1650 2107 1716 Utrum
2148 1650 2343 1733 plura

335 1766 550 1845 possit
592 1765 942 1847 disponere
986 1786 1177 1848 quam
1220 1766 1546 1846 disponat,
1590 1761 1703 1826 vel
1747 1765 1956 1845 possit
1983 1740 2178 1842 scire,
2224 1760 2341 1829 vel

336 1878 540 1942 etiam
594 1876 815 1960 plures
882 1879 965 1942 ad
1023 1881 1225 1943 vitam
1287 1876 1822 1960 praedestinare,
1889 1878 2053 1942 satis
2109 1888 2216 1943 est
2266 1878 2341 1944 in

335 2002 621 2073 promtu,

1088 2203 1301 2287 Caput
1344 2200 1578 2273 XXII.

590 2319 681 2377 De
714 2316 802 2374 his
815 2355 837 2385 ,
874 2332 1018 2389 quae
1051 2317 1125 2371 ad
1157 2317 1463 2371 bonitatem
1496 2315 1738 2370 divinam
1770 2315 2064 2385 pertinent.

508 2441 710 2506 Dicto
756 2441 837 2505 de
881 2413 1175 2522 potentia
1220 2449 1314 2502 et»⁸
1331 2439 1656 2521 sapientia
1696 2436 2054 2523 hucusque,
2100 2439 2184 2506 de
2215 2440 2337 2506 bo-
2417 2525 2421 2534 .

332 2560 542 2621 nitate
586 2555 810 2639 aliqua
863 2552 1312 2619 subnectenda
1367 2564 1522 2617 sunt
1578 2552 1888 2618 breviter.
1977 2552 2203 2637 Deus,
2259 2566 2339 2621 ut

334 2670 655 2749 diximus,
700 2668 1021 2755 benignus
1064 2678 1200 2744 est,
1252 2678 1321 2731 et
1358 2645 1774 2766 misericors,
1848 2680 1918 2734 et
1958 2668 2329 2731 miserator.

332 2780 550 2866 Hujus
613 2780 1049 2867 benignitatis.
1102 2781 1446 2858 effectum,
1492 2795 1664 2844 ‘cum
1718 2780 1862 2862 ipse
1914 2777 2122 2844 nihilo
2164 2771 2336 2846 iudi·
2449 2825 2454 2830 -

332 2907 523 2981 gest,
597 2905 823 2979 utpote
890 2896 1000 2978 qni
1059 2891 1187 2957 sibi
1251 2913 1369 2975 per
1412 2893 1631 2956 omnia
1672 2890 2013 2974 sufficiens
2057 2903 2202 2972 est,
2260 2894 2335 2957 in

333 3008 648 3074 creaturis
713 3008 850 3071 suis
922 3018 1209 3071 exercet.
1302 3003 1467 3070 Cum
1530 3005 1733 3091 igitur
1790 3006 1861 3068 in
1916 3025 1991 3069 se
2047 3004 2197 3070 solo
2242 3007 2336 3071 sit

337 3118 578 3184 affectu
608 3117 979 3205 benignus,
1027 3121 1096 3183 in
1139 3120 1456 3183 creaturis
1501 3116 1665 3183 solis
1712 3117 1952 3199 efficit,
1997 3118 2170 3203 quod
2211 3119 2333 3185 bc-

331 3232 537 3296 nitate
580 3230 701 3297 tali
747 3243 1008 3314 constat
1050 3231 1489 3298 efficiendum.
1577 3225 1669 3296 A't
1710 3253 1893 3312 vero,
1945 3234 2055 3316 qui
2083 3255 2335 3302 summe

331 3341 541 3410 bonus
590 3357 727 3424 est,
786 3342 869 3410 ab
932 3364 1013 3408 eo
1069 3364 1264 3429 porro
1312 3346 1533 3409 omnis·
1564 3343 1818 3409 invidia
1857 3344 2161 3431 relegata
2203 3356 2332 3426 est,

332 3461 542 3523 omnis
599 3458 827 3523 itidem
877 3459 1023 3536 ira,
1098 3449 1309 3522 omnis
1369 3455 1552 3522 furor
1613 3455 1697 3521 ab
1743 3478 1824 3521 eo
1866 3468 2155 3523 remotus
2200 3468 2330 3524 est.

330 3569 505 3649 Quid
547 3573 782 3659 igitur,
847 3571 1023 3655 quod
1066 3570 1334 3637 dicitur:
1404 3568 1511 3636 Ne
1573 3572 1894 3635 irascatur
1951 3570 2138 3637 furor
2178 3583 2333 3638 tuus

329 3704 522 3767 super
578 3682 745 3748 nos?
848 3680 1023 3768 Quid
1088 3684 1289 3749 etiam
1340 3694 1644 3767 precatur
1716 3679 2081 3765 Propheta:
2185 3682 2332 3749 Do-

327 3798 539 3877 mine',
600 3818 705 3862 ne
768 3798 840 3861 in
910 3796 1134 3862 furore
1208 3807 1321 3861 tuo
1387 3816 1629 3883 arguas
1711 3794 1859 3860 me?
1945 3795 2034 3861 Et
2097 3795 2330 3882 hujus·-

327 3908 505 3995 modi
560 3909 910 3976 affectuum
971 3905 1346 3974 nominibus
1405 3905 1797 3973 translative
1837 3909 2121 3989 utimur,
2178 3928 2329 3975 cum

327 4020 408 4087 de
450 4020 602 4089 Deo
666 4022 1033 4108 loquimur,
1103 4032 1179 4087 ut
1235 4020 1597 4088 secundum
1657 4021 2002 4100 effectum,
2069 4030 2140 4086 et
2191 4039 2328 4088 non
