2842 4800
522 420 636 494 60

522 591 939 677 significant,
982 604 1055 658 ut
1097 595 1157 658 si
1201 594 1394 660 modo
1441 592 1654 657 dicam
1695 592 1833 679 legi
1875 591 2059 674 heri,
2099 592 2255 681 lego
2298 590 2521 674 hodie,

521 703 745 792 legam
789 725 960 770 cras.
1045 703 1335 770 Diversa
1377 717 1565 785 sunt,
1632 727 1738 770 me
1806 704 2054 790 legisse
2119 704 2265 770 heri
2308 717 2376 771 et
2418 727 2527 771 me

516 817 751 907 legere
816 818 1012 883 hodie
1083 830 1150 883 et
1204 841 1308 884 me
1373 818 1692 885 lecturum
1758 840 1927 884 cras.
2018 816 2304 884 Diverso
2366 839 2525 884 vero

519 944 810 1014 tempore
869 930 1127 1015 prolata
1185 932 1358 999 idem
1419 932 1800 1020 significant
1876 945 1948 998 ut
2016 934 2075 996 si
2146 934 2289 1016 quis
2348 931 2524 999 dicat

520 1047 944 1114 Hermannus
1003 1045 1187 1131 leget
1233 1069 1415 1126 crass,
1487 1051 1595 1130 qui
1659 1048 1833 1113 idem
1889 1048 2063 1112 dicat
2103 1046 2525 1114 Hermannus

516 1159 686 1246 legit
726 1157 967 1238 hodie,
1031 1159 1205 1223 idem
1260 1160 1593 1247 significat
1661 1181 1739 1224 ac
1797 1162 1857 1225 si
1912 1160 2084 1245 quod
2155 1181 2279 1248 ego
2326 1158 2523 1225 hodie

478 1272 818 1360 ·legerim.
906 1270 1089 1337 Idem
1145 1294 1426 1357 namque
1486 1285 1627 1351 est,
1689 1295 1794 1337 me
1850 1272 1996 1337 heri
2057 1274 2266 1339 fuisse
2320 1270 2519 1339 hodie

519 1384 845 1452 lecturum
889 1397 958 1450 et
1001 1407 1104 1450 me
1155 1382 1356 1451 hodie
1399 1384 1665 1473 legere,
1728 1396 1795 1450 et
1842 1407 1988 1451 cras
2028 1406 2132 1452 me
2177 1386 2375 1451 hodie
2418 1386 2518 1451 le-

516 1499 727 1588 gisse.
813 1496 967 1581 Ipsa
1024 1498 1343 1581 siqnidem
1405 1497 1610 1563 verba
1670 1497 1779 1563 vel
1836 1510 2129 1581 tempora
2179 1497 2339 1564 licet
2382 1500 2517 1563 sint

518 1623 809 1693 mutata,
872 1612 1049 1676 idem
1119 1623 1340 1677 tamen
1398 1633 1628 1678 verum
1668 1624 2029 1695 permanet.
2119 1612 2271 1695 Ipse
2315 1614 2514 1699 igitur

518 1749 668 1795 cum
710 1730 824 1807 sit,
870 1728 975 1791 cui
1020 1724 1205 1791 nulla
1247 1728 1518 1791 mutatio
1563 1729 1875 1810 temporis
1926 1725 2237 1805 obsistat,
2282 1728 2515 1810 quippe

521 1838 690 1906 nihil
749 1851 854 1904 est
908 1841 1082 1904 inter
1147 1841 1290 1924 ejus
1348 1842 1809 1906 aeternitatem
1867 1851 1934 1904 et
1988 1837 2286 1903 ultimum
2348 1849 2515 1903 tem-

518 1953 698 2036 poris
762 1963 1197 2032 momentum,
1269 1974 1412 2018 cum
1482 1955 1744 2038 iuquam
1814 1951 1942 2017 hoc
2009 1954 2136 2029 sit,
2204 1948 2518 2036 quidquid

515 2063 644 2130 fuit
729 2063 838 2128 vel
923 2076 1024 2127 est
1095 2063 1208 2128 vel
1286 2065 1454 2144 erit,
1541 2067 1604 2131 ei
1679 2068 1941 2130 omnino
2010 2084 2323 2147 praesens
2389 2074 2515 2157 est.

463 2203 467 2207 ·
516 2176 699 2247 Nota
764 2180 966 2265 igitur
1039 2180 1210 2263 quod
1286 2174 1698 2262 providentia
1769 2204 1886 2247 seu
1956 2180 2395 2264 praescientia
2449 2190 2518 2243 et

517 2291 865 2375 dispositio
926 2274 1163 2356 divinae
1215 2304 1350 2357 tam
1415 2264 1500 2358 ad
1559 2293 1732 2358 bona
1793 2315 1985 2378 quam
2046 2293 2129 2357 ad
2201 2284 2376 2358 mala
2440 2310 2515 2356 se

514 2405 755 2487 babet,
822 2406 1336 2491 praedestinatio
1382 2429 1543 2472 vero
1591 2419 1840 2474 tantum
1887 2408 1968 2473 ad
2014 2406 2213 2472 bona.
2293 2404 2516 2490 Augu·

514 2521 730 2585 stinus
796 2531 1013 2584 tamen
1054 2540 1171 2602 pro
1215 2522 1659 2601 praescientia
1721 2520 2108 2605 quandoque
2150 2515 2514 2601 praedesti-

513 2636 853 2718 nationem
915 2655 1162 2717 ponere
1233 2633 1432 2700 solet.
1542 2636 1773 2701 Fatum
1838 2655 2092 2720 quoque
2162 2631 2515 2695 notandum

512 2761 659 2830 est,
743 2749 915 2833 quod
987 2746 1329 2813 descendit
1391 2766 1435 2809 a
1500 2746 1971 2829 dispositione,
2037 2757 2362 2828 tamquam
2427 2741 2514 2807 ab

512 2865 777 2930 actione
819 2865 1067 2944 passio.
1155 2858 1493 2944 Siquidem
1552 2881 1711 2925 cum.
1757 2858 1965 2923 fatum
2025 2861 2113 2923 sit
2169 2858 2512 2941 dispositio

513 2976 741 3042 divina
790 2974 989 3040 rebus
1061 2972 1412 3040 mobilibus
1475 2972 1866 3051 inhaerens,
1937 2968 2104 3036 nihil
2170 2980 2274 3034 est
2332 2968 2514 3034 aliud

510 3110 707 3176 quam
751 3088 1132 3174 dispositio,
1190 3089 1364 3152 actio
1401 3088 1530 3169 ipsi
1576 3086 1983 3169 disponenti,
2038 3081 2167 3149 hoc
2212 3095 2511 3165 excepto,

508 3202 686 3288 quod
740 3202 1082 3284 dispositio
1141 3185 1645 3265 immutabiliter
1709 3199 1894 3263 facit.
1951 3195 2171 3272 ·Quae
2215 3218 2373 3260 vero
2419 3195 2515 3260 di-

508 3325 875 3398 sponuntur
946 3311 1330 3377 nonnullam
1396 3313 1829 3377 mutationem
1899 3310 2260 3392 recipiunt,
2345 3306 2517 3371 unde

509 3424 682 3492 nihil
723 3438 827 3491 est
867 3424 1046 3491 aliud
1101 3424 1300 3491 fatari
1357 3447 1550 3509 quam
1608 3423 1888 3507 disponi.
1979 3420 2172 3486 Unde
2231 3420 2383 3506 quia
2426 3438 2514 3484 ex

504 3535 640 3604 hoc
679 3537 947 3602 nomine
990 3535 1198 3601 fatum
1265 3533 1451 3600 multi
1510 3536 1581 3601 in
1626 3555 1914 3600 errorem
1973 3530 2336 3611 cadebant,
2398 3553 2512 3614 pu·

507 3661 728 3715 tentes
769 3648 979 3714 fatum
1040 3669 1190 3714 esse
1251 3646 1872 3729 constellationem,
1931 3646 2085 3710 ideo
2130 3644 2341 3710 sancti
2386 3641 2515 3706 hoo

506 3765 773 3830 nomine
814 3763 916 3827 uti
958 3760 1333 3828 noluerunt.
1420 3763 1544 3828 Est
1583 3763 1785 3850 igitur
1826 3760 2055 3838 fatum,
2103 3770 2175 3822 ut
2218 3759 2313 3823 ait
2340 3754 2515 3822 Boe'-

506 3877 677 3957 tius,
735 3875 1080 3961 dispositio
1142 3896 1358 3941 rerum
1415 3878 1487 3941 in
1532 3857 1730 3940 manu
1771 3872 1925 3940 Dei.
2018 3871 2208 3948 Quae
2258 3871 2552 3957 quidem,

510 4014 556 4058 a
596 3989 1036 4075 dispositione
1094 3989 1324 4055 divina
1374 4001 1449 4054 ut
1502 3991 1728 4074 passio
1799 3986 1884 4054 ab
1945 3990 2208 4054 actione
2251 3986 2513 4072 pendet.

453 4091 459 4098 ’
507 4106 1041 4176 praedestinatio
1070 4119 1144 4178 ιιι
1168 4105 1454 4174 diximus
1493 4105 1579 4171 de
1614 4104 1810 4174 bonis
1848 4117 1951 4172 est
1987 4117 2260 4174 tantum.
2320 4097 2514 4181 Quod
