2842 4800
537 362 646 437 16

534 530 791 597 scilicet
841 534 1409 601 commemorando
1469 538 1868 620 potentiam,
1937 559 2068 623 qua
2137 549 2370 622 potens
2426 552 2536 607 est

534 643 841 724 efficere,
885 648 1064 729 quod
1097 658 1406 735 rogatur,
1449 659 1521 712 ut
1563 670 1709 715 cum
1751 649 2023 716 dicitur:
2070 661 2259 734 pater
2303 663 2533 718 sancte

533 777 729 822 serva
772 778 927 838 eos,
987 772 1178 843 pater
1218 763 1286 825 in
1333 781 1564 826 manus
1609 771 1758 826 tuas
1802 761 2185 827 commendo
2230 763 2534 846 spiritum

530 891 747 936 meum
791 882 858 935 et
899 872 1164 961 similia,
1210 895 1377 956 quae
1404 873 1488 936 ad
1532 873 2267 958 orationempertinent.
2335 873 2529 950 Quod

533 981 749 1051 adhuc
802 1006 958 1049 usus
1015 983 1340 1049 ecclesiae
1397 983 1602 1049 habet
1643 987 1711 1049 in
1754 984 1894 1049 illis
1936 986 2335 1069 specialibus
2380 1008 2528 1052 ora-

530 1097 848 1177 tionibus,
892 1119 1060 1181 quae
1101 1099 1171 1162 in
1215 1095 1767 1163 celebrationibus
1794 1100 2158 1167 'missarum
2200 1100 2285 1164 ad
2312 1098 2528 1166 altare

532 1211 722 1291 fiunt,
763 1234 933 1298 quae
976 1211 1236 1278 scilicet
1279 1211 1365 1277 ad
1424 1211 1637 1279 solum
1693 1225 1942 1295 patrem
1982 1211 2384 1279 locutionem
2427 1214 2526 1281 di-

527 1327 772 1412 rigunt.
861 1323 974 1390 Sic
1032 1326 1128 1391 ait
1172 1324 1555 1408 apostolus,
1619 1325 1951 1392 Christum
1995 1329 2440 1393 resurrexisse
2484 1350 2526 1394 a

526 1439 803 1505 mortuis
846 1460 965 1522 per
1006 1439 1284 1526 gratiam
1326 1441 1554 1522 patris,
1598 1440 1664 1504 id
1708 1450 1809 1502 est
1852 1461 1968 1521 per
2011 1441 2312 1504 virtutem
2359 1440 2524 1503 divi-

528 1571 658 1626 nae
701 1526 1036 1634 potentiae
1078 1550 1188 1617 vel
1230 1563 1480 1635 patrem
1524 1572 1565 1616 a
1610 1554 1881 1615 mortuis
1925 1549 2133 1618 filium
2167 1553 2524 1617 suscitasse

529 1664 643 1730 vel
717 1666 1190 1747 vivificaturum
1248 1687 1400 1730 esse
1471 1686 1745 1750 corpora
1791 1679 2084 1747 nostra,¹
2140 1665 2250 1731 vel
2309 1665 2522 1734 filium

527 1781 825 1862 spiritum
866 1780 1164 1856 misisse,
1230 1778 1341 1844 vel
1382 1781 1444 1843 ei
1487 1778 1695 1845 filium
1740 1778 2070 1845 obedisse.
2163 1777 2362 1857 Cum,
2418 1782 2521 1844 in-

526 1916 758 1978 quam,
814 1890 989 1959 ,talia
1034 1893 1227 1969 dicit,
1284 1894 1477 1975 quasi
1518 1894 1775 1976 proprie
1821 1904 1887 1955 et
1929 1889 2312 1975 specialiter
2351 1893 2521 1975 patri

526 2004 864 2083 attribuit,
922 2026 1090 2089 quae
1152 2005 1233 2069 ad
1278 2007 1640 2087 potentiam
1681 2009 2010 2089 pertinere
2053 2006 2388 2087 videntur,
2447 2017 2520 2071 ut

526 2115 684 2193 hinc
727 2138 981 2202 quoque
1026 2117 1372 2183 videantur
1417 2140 1538 2198 ea,
1606 2140 1773 2202 quae
1816 2120 2149 2201 potentiae
2192 2130 2378 2198 sunt,
2434 2120 2520 2185 ad

524 2238 875 2316 personam
918 2232 1146 2313 patris,
1183 2233 1379 2315 juxta
1403 2233 1576 2316 ejus,
1621 2243 1693 2295 ut
1717 2232 1953 2297 dictum
1981 2243 2104 2311 est,
2156 2234 2516 2315 proprieta-

525 2354 660 2409 tem
684 2365 831 2408 esse
859 2342 1315 2423 adscribenda,
1359 2344 1529 2409 sicut
1546 2343 1689 2409 filio
1720 2365 1825 2424 ea,
1872 2365 2040 2429 quae
2076 2322 2158 2410 ad
2187 2345 2516 2411 rationem

523 2456 635 2523 vel
672 2458 1063 2540 sapientiam
1105 2459 1470 2540 pertinent,
1542 2458 1714 2523 sicut
1758 2469 1862 2520 est
1918 2457 2264 2541 judicare,
2341 2457 2515 2541 quod

458 2627 463 2631 .
520 2570 937 2635 discretionis
981 2580 1107 2634 est.
1196 2567 1378 2633 Sicut
1420 2572 1731 2652 scriptum
1773 2581 1896 2647 est,
1942 2580 2131 2651 pater
2174 2589 2366 2646 omne
2402 2570 2513 2652 ju-

518 2688 764 2752 dicium
793 2686 985 2751 ’dedit
1027 2684 1194 2763 filio,
1240 2681 1394 2769 quia
1437 2687 1736 2767 potentia
1779 2686 2142 2767 sapientiae
2169 2686 2238 2748 in
2269 2684 2514 2748 di‘scre'-

513 2790 706 2864 tione
761 2799 961 2863 cedit.
1050 2796 1183 2863 Ubi
1247 2799 1552 2884 aequitas·
1613 2784 1846 2884 magis⁸
1890 2808 1995 2862 est
2053 2797 2513 2892 examinanda,

523 2877 822 2997 quamvis
879 2924 944 2975 et
1000 2913 1296 2994 potentia
1359 2911 1753 2976 exercenda.
1840 2908 2035 2986 Qu'od
2098 2907 2315 2977 autem
2361 2909 2516 2976 sub-

521 3026 808 3110 ponitur,
853 3026 1008 3111 quia
1050 3023 1228 3090 filius
1273 3022 1579 3103 hominis,
1626 3045 1713 3089 ex
1748 3046 1874 3108 quo
1916 3024 2202 3089 divinum
2233 3025 2518 3088 maxime

518 3129 808 3223 pebdeat
870 3138 1222 3222 judicium,
1287 3135 1661 3202 declaratur
1721 3137 2075 3230 secundum
2130 3137 2303 3221 quod
2370 3138 2516 3219 ipse

521 3251 702 3317 filius
746 3262 1148 3333 protestatus
1214 3259 1338 3314 e'st.
1429 3249 1505 3314 Si
1564 3271 1696 3314 non
1750 3252 2081 3314 venissem
2144 3260 2210 3312 et
2254 3248 2515 3313 locutus
2549 3289 2564 3298 -

522 3369 619 3429 eis
663 3365 958 3442 fuissem,
1001 3374 1334 3446 peccatum
1358 3384 1488 3426 non
1534 3360 1875 3442 haberent,
1903 3382 2094 3425 ,nunc
2127 3374 2343 3425 autem
2374 3359 2515 3425 nul-

521 3477 656 3544 lam
703 3476 1199 3564 excusationem
1244 3472 1492 3540 habent
1536 3473 1618 3538 de
1661 3485 1931 3557 peccato
1976 3493 2134 3551 suo,
2192 3492 2271 3537 ac
2315 3474 2376 3537 si
2418 3471 2515 3536 di·

520 3601 732 3668 catur,
778 3609 865 3653 ex
909 3586 1036 3652 hoc
1063 3589 1417 3661 maximam
1443 3589 1678 3670 impios
1705 3586 2314 3651 condemnationem
2329 3586 2517 3669 juste

522 3703 882 3781 incurrere,
925 3701 1080 3785 quia
1122 3712 1305 3765 tanto
1351 3699 1676 3765 beneficio
1720 3700 1963 3785 ingrati
2002 3708 2068 3761 et
2099 3696 2518 3762 inexcusabi-

524 3815 627 3881 l'es
672 3815 1052 3892 extiterunt,
1095 3814 1368 3879 missum
1411 3814 1612 3877 etiam
1654 3833 1695 3877 a
1736 3822 1936 3907 patre,
1965 3809 2173 3876 filium
2201 3831 2517 3893 respuen-

404 3981 423 4000 .
510 3937 655 3993 ftes.
742 3924 849 3993 Ad
901 3923 1033 3991 hoc
1089 3926 1289 3991 etiam
1346 3922 1471 3990 illa
1530 3924 1870 4006 inscriptio
1911 3921 2151 4006 psalmi
2211 3926 2520 4007 pertinet,

522 4060 644 4126 pro
686 4037 961 4107 occultis
1001 4033 1128 4106 filii
1168 4036 1425 4106 scilicet
1472 4036 1783 4122 judiciis,
1847 4037 1931 4101 de
1996 4034 2232 4121 quibus
2275 4035 2516 4103 dictum
