2842 4800
2199 387 2312 463 57

298 576 468 641 ‚tnnc
528 565 743 649 magis
763 597 775 617 ·-
795 562 1161 629 infirmitati
1235 581 1395 628 suae
1463 559 1883 627 consulentes
1939 580 2018 624 se
2071 579 2305 646 recog-

307 684 592 741 noscunt
657 667 727 742 ‚et
788 699 863 742 se
932 678 1142 763 magis
1203 674 1531 740 obnoxios
1575 659 1725 739 esse
1769 671 2011 737 debere
2051 673 2307 760 gratiae

309 786 446 853 Dei
486 790 1049 877 animadvertunt..
1130 787 1266 852 Est·
1316 800 1383 851 et
1440 784 1577 852 alia
1634 785 1828 871 hujus
1887 783 2307 861 rationabilis

304 900 655 965 varietatis
699 921 920 977 causa,
967 900 1138 983 quod
1181 901 1240 962 si
1287 920 1513 964 omnes
1539 898 1695 962 boni
1733 908 1981 976 essent,
2024 897 2306 984 gratiam

305 1010 443 1077 Dei
499 1013 712 1077 minus
786 1009 1239 1097 intelligerent
1301 1023 1371 1074 et
1434 1010 1648 1076 bonae
1709 1023 1981 1076 naturae
2024 1007 2307 1074 salutem

300 1145 494 1190 suam
523 1124 996 1207 quodammodo
1033 1123 1461 1187 ascriberent.
1521 1121 1749 1188 Tertia
1776 1144 2032 1208 quoque
2074 1143 2196 1187 nec
2216 1126 2304 1201 ¹⁹)

311 1237 648 1319 excipiunt
691 1256 929 1313 causa,
983 1234 1135 1318 quia
1197 1234 1375 1299 mala
1432 1233 1623 1299 bonis
1667 1237 1945 1300 materia
1987 1254 2302 1303 exerceri·
2345 1206 2371 1229 ³

307 1347 435 1417 dae
478 1351 738 1415 virtutis
782 1348 1164 1415 subsistunt.
1255 1347 1366 1411 Sic
1412 1362 1543 1412 tam
1588 1351 1764 1414 ratio
1807 1370 1997 1434 quam
2041 1354 2325 1414 sancto-'
2407 1350 2416 1365 ¹

305 1468 451 1528 rtfm
517 1464 901 1549 auctoritas·
950 1483 1098 1526 esse
1173 1459 1536 1526 confirmat.
1649 1460 1721 1525 Si
1788 1482 1942 1525 vero
2014 1463 2109 1531 ita
2175 1469 2302 1536 est,

303 1579 506 1642 immo
552 1579 704 1662 quia
745 1579 842 1640 ita
888 1587 1012 1653 est,
1061 1595 1172 1638 cur
1213 1575 1474 1639 miseris
1520 1573 1984 1657 compatimur?
2032 1594 2144 1638 cur
2188 1571 2301 1635 de-

308 1690 694 1756 cedentibus
737 1688 1071 1767 dolemus,
1128 1709 1242 1753 cur
1284 1687 1537 1754 Rachel
1590 1686 1847 1772 plorat?
1909 1686 2061 1771 quid
2107 1686 2303 1749 etiam

306 1802 445 1869 sibi
508 1803 651 1869 vult
708 1801 878 1894 illud
921 1801 1232 1885 Apostoli
1295 1804 1587 1891 gaudere,
1645 1824 1789 1866 cum
1842 1797 2301 1888 gaudentibus,

305 1918 468 1983 flere
511 1939 658 1985 cum
701 1915 1031 1987 flentibus.
1119 1915 1266 1980 Jam
1307 1918 1569 1994 scimuS,
1610 1916 1783 1999 quod
1812 1913 2123 1996 lapidatio
2153 1911 2302 1975 Ste-

304 2028 508 2116 phani
536 2032 1001 2094 convenienter
1030 2031 1112 2094 sit
1134 2037 1243 2111 ²⁰),
1291 2030 1654 2095 combustio
1680 2028 2022 2093 Laurentii
2066 2039 2198 2089 tam
2222 2023 2318 2088 ad.

306 2141 663 2208 utilitatem
702 2165 889 2209 suam
934 2164 1125 2226 quam
1164 2142 1251 2206 ad
1295 2142 1575 2228 gloriam
1616 2143 1750 2210 Dei
1791 2140 2135 2227 provenire
2157 2159 2175 2213 ;
2223 2157 2303 2200 ac

302 2276 424 2338 per
479 2253 609 2320 hoc
664 2277 808 2320 cum
875 2255 1040 2320 haec
1098 2258 1318 2319 omnia
1372 2269 1444 2319 ut
1488 2257 1729 2321 dictum
1772 2266 1873 2319 est
1913 2254 2168 2317 ratione
2211 2252 2302 2314 ir-

305 2367 693 2457 refragabili
738 2370 1162 2458 contingant,
1221 2367 1714 2435 irrationabiles
1777 2369 2080 2436 videntur
2148 2387 2300 2436 esse

306 2478 379 2546 hi
421 2482 686 2547 dolores
731 2495 799 2546 et
844 2480 970 2549 hae
1019 2481 1374 2566 lacrymae,
1427 2484 1598 2567 quod
1643 2485 1869 2567 utique
1912 2485 2137 2569 negari
2186 2503 2299 2546 ne-

308 2598 482 2680 quit,
553 2607 687 2659 tum
756 2597 910 2678 quia
983 2608 1208 2661 contra
1263 2596 1761 2679 dispositionem
1818 2596 1951 2663 Dei
2015 2598 2300 2674 nitimur,

307 2719 442 2773 tum
488 2710 642 2793 quia
687 2711 861 2793 quod
912 2711 1361 2798 aggredimur,
1428 2712 1743 2793 perficere
1800 2733 1932 2776 non
1975 2709 2296 2775 valemuS.
2335 2686 2344 2697 Χ

307 2819 714 2905 Quicumque
760 2843 1035 2905 namque
1096 2823 1266 2906 quod
1335 2823 1653 2906 perficere
1714 2825 1938 2918 nequit
1995 2821 2296 2907 aggredi·

302 2944 445 3014 tur,
493 2954 574 2998 eo
617 2935 761 3028 ipso
804 2934 1350 2999 irrationabiliter
1391 2939 1554 3022 agit.
1647 2935 1818 3014 Quid
1860 2938 2100 3024 igitur?
2145 2957 2298 3002 num

300 3046 463 3131 quid
529 3068 661 3112 non
725 3050 1040 3132 praecipit
1081 3047 1442 3131 Apostolus
1512 3051 1671 3115 flere
1751 3073 1893 3115 cum
1964 3048 2297 3130 flentibus,

302 3159 597 3245 gaudere
643 3180 786 3224 cum
824 3162 1304 3246 gaudentibus?
1389 3161 1541 3230 Non
1587 3164 1887 3248 equidem
1930 3162 2301 3248 hujusmodi

300 3271 529 3337 fletum
568 3270 678 3337 vel
721 3274 1029 3359 gaudium
1067 3277 1404 3361 praecipit.
1491 3275 1648 3352 Non⁸
1696 3279 1867 3341 enim
1909 3287 1984 3339 ut
2025 3278 2120 3342 ait
2161 3275 2296 3340 Au·

300 3385 605 3470 gnstinus
648 3386 969 3469 scriptura
1026 3386 1331 3469 prohibet
1390 3389 1516 3453 nisi
1574 3390 1747 3472 quod
1801 3387 2127 3472 culpabile
2169 3399 2297 3468 est,

301 3515 428 3560 nec
484 3498 802 3581 praecipit
886 3500 1015 3563 nisi
1081 3501 1252 3584 quod
1307 3499 1706 3566 rationabile
1772 3512 1898 3565 est.
1993 3498 2146 3564 Hoc
2196 3499 2298 3562 in-

302 3627 498 3691 quam
539 3628 671 3674 non
716 3611 1031 3695 praecipit
1053 3609 1442 3693 Apostolus,
1489 3612 1608 3678 sed
1650 3614 1957 3679 affectum
2002 3613 2298 3680 caritatis

302 3720 479 3786 circa
517 3722 857 3804 proximos
905 3721 1174 3788 habere.
1262 3725 1367 3790 Ex
1411 3728 1599 3810 cujus
1646 3726 2049 3808 perfectione
2097 3746 2296 3808 saepe

236 3868 243 3872 ·
297 3829 370 3897 in
436 3830 507 3897 id
571 3833 744 3917 quod
801 3832 1261 3901 irrationabile
1334 3847 1442 3902 est
1505 3835 1797 3904 solemus
1851 3843 2294 3921 prorumpere.

298 3940 495 4009 Unde
538 3942 934 4034 Gregorius:
982 3953 1246 4033 caritas,
1285 3951 1521 4037 inquit,
1564 3953 1916 4035 impatiens
1958 3960 2085 4030 est,
2127 3968 2297 4033 quae

297 4076 675 4124 mensuram
740 4079 874 4125 non
948 4058 1171 4129 habet.
1272 4061 1438 4132 Inde
1514 4066 1715 4132 etiam
1778 4065 1847 4130 in
1915 4062 2054 4128 vita
2114 4057 2299 4126 beati
2397 4124 2403 4128 .
