2842 4800
543 402 654 481 94

426 626 431 633 .
546 583 651 637 est
692 568 901 652 amor,
942 575 1055 657 qui
1097 573 1182 639 ad
1224 596 1374 642 eum
1414 558 1645 659 finem,
1685 578 1772 644 ad
1817 585 2008 664 quem
2046 579 2282 645 referri
2310 576 2542 656 debet,

470 766 477 779 .
544 685 850 752 refertur.
935 686 1059 751 Est
1100 699 1320 754 autem
1375 711 1558 755 amor
1615 690 1790 756 bona
1843 691 2152 757 voluntas
2204 713 2361 778 erga
2404 690 2543 756 ali-

458 852 465 861 .
546 820 737 881 quem
780 812 1043 882 propter
1073 800 1309 883 ipsum.
1371 801 1447 866 Si
1482 804 1653 869 enim
1699 802 1968 892 diligam
2012 803 2297 889 aliquem
2338 824 2539 886 prop-

544 926 645 976 ter
684 910 972 996 aliquam
1018 913 1404 995 utilitatem,
1445 939 1577 983 non
1620 929 1724 984 est
1767 940 1950 984 amor
1994 919 2077 983 ad
2117 918 2366 1001 ipsum,
2409 915 2538 981 secl

546 1028 631 1092 ad
673 1049 888 1093 meam
928 1025 1304 1091 utilitatem.
1411 1025 1605 1092 Unde
1658 1029 1719 1092 si
1781 1040 1999 1111 optem
2051 1030 2256 1095 vitam
2312 1042 2536 1094 aeter-

542 1163 696 1206 nam
741 1140 939 1205 alicui
983 1161 1116 1204 non
1169 1153 1431 1224 propter
1490 1120 1603 1221 se,
1663 1142 1783 1205 sed
1845 1154 1921 1207 ut
1973 1141 2058 1208 ab
2120 1163 2202 1208 eo
2257 1142 2530 1225 liberer,

537 1256 683 1339 jam
724 1251 1002 1331 vellem,
1063 1263 1138 1315 ut
1176 1253 1245 1316 in
1291 1252 1594 1336 paradiso
1640 1267 1856 1335 esset,
1914 1276 2047 1320 non
2090 1276 2239 1321 eum
2295 1256 2531 1342 diligo,

543 1367 665 1431 sed
708 1364 1099 1448 aliquodxde
1142 1376 1352 1429 morte
1393 1385 1516 1429 sua
1560 1342 1967 1433 commodum
2006 1365 2168 1432 mihi
2196 1368 2528 1434 desidero,

541 1476 686 1546 Nec
731 1492 834 1544 est
874 1483 1073 1568 igitur
1122 1481 1436 1546 honestus
1481 1503 1702 1577 amor,
1761 1484 1848 1548 id.
1874 1496 2013 1565 est,
2075 1506 2207 1549 non
2252 1487 2532 1552 tendens

539 1595 611 1658 in
641 1615 787 1659 eum
813 1593 1037 1676 finem,
1080 1599 1147 1661 in
1181 1619 1371 1682 quem
1396 1596 1617 1679 debet,
1652 1598 1721 1662 id
1765 1612 1893 1678 est,
1936 1599 2005 1664 in
2037 1600 2247 1682 ipsum
2279 1597 2524 1663 Deum.

539 1709 738 1774 Licet
785 1709 959 1772 enim
1001 1707 1189 1774 multi
1232 1712 1299 1774 et
1343 1711 1586 1775 diversi
1628 1710 1796 1776 fines
1839 1713 2286 1793 esse-possint
2322 1712 2392 1775 in
2426 1709 2531 1774 di·-

537 1824 868 1903 lectione,
909 1824 1020 1890 vel
1061 1827 1131 1889 in
1176 1824 1438 1909 aliquo,
1494 1839 1568 1891 ut
1609 1829 1678 1891 in
1723 1827 1916 1891 domo
1971 1839 2233 1910 propter
2286 1816 2532 1911 panp'e-

537 1958 647 2001 res
704 1937 1011 2001 facienda
1067 1960 1384 2019 pauperes
1448 1951 1599 2003 sunt
1651 1941 1721 2004 in
1776 1960 2013 2019 causa,
2073 1948 2292 2003 tamen
2347 1936 2527 2019 finis,

538 2049 626 2113 id'
653 2060 788 2126 est,
833 2048 1056 2113 finalis
1101 2071 1302 2114 causa
1347 2062 1415 2115 et
1457 2072 1758 2134 suprema
1801 2051 2059 2116 scilicet
2111 2050 2298 2118 Deus
2354 2070 2526 2117 unus

540 2168 666 2226 est.
755 2159 947 2225 Unde
991 2161 1286 2245 quamvis
1331 2159 1600 2248 diligam
1644 2160 1929 2245 aliquem
1981 2175 2244 2247 propter
2286 2185 2400 2243 se,
2439 2160 2526 2226 il·-

536 2270 674 2340 lum
716 2276 785 2339 in
829 2275 1029 2340 finem
1073 2274 1450 2340 dilectionis
1496 2276 1890 2340 constituere
1934 2296 2065 2340 non
2110 2274 2359 2354 debeo,
2404 2273 2526 2367 sed

537 2391 751 2472 ipsum
790 2384 1036 2454 Deum'
1066 2402 1134 2453 et
1195 2401 1348 2453 tunc
1405 2389 1490 2458 ad
1530 2391 1803 2472 primum
1847 2411 2031 2458 amor
2086 2389 2172 2455 ad
2228 2410 2376 2454 eum
2416 2410 2526 2453 re-

539 2501 750 2566 fertur
808 2499 1046 2579 finem,
1105 2501 1190 2564 ad
1247 2523 1438 2585 quem
1491 2500 1711 2566 debet.
1801 2501 2082 2567 Gemina
2142 2521 2303 2567 vero
2361 2499 2528 2566 haec

539 2613 809 2679 dilectio
851 2615 921 2678 in
969 2611 1327 2678 dilectione
1381 2615 1605 2697 utique
1660 2613 1795 2679 Dei
1849 2627 1919 2678 et
1969 2613 2252 2697 proximi
2310 2616 2528 2679 consi-

537 2731 677 2795 stit.
744 2726 898 2794 Non
946 2730 1115 2794 enim
1161 2749 1506 2811 possumus
1549 2726 1822 2813 diligere
1863 2726 2105 2810 Deum,
2149 2729 2275 2791 nisi
2301 2730 2528 2811 proxi-

537 2866 713 2909 mum
756 2841 1128 2928 diligamus.
1218 2840 1369 2905 Hoc
1412 2853 1633 2905 tamen
1676 2861 1808 2904 non
1850 2860 2047 2921 posse
2101 2861 2233 2905 non
2278 2841 2363 2905 ad
2407 2861 2525 2905 na-

537 2969 773 3035 turam,
813 2955 933 3020 sed
977 2954 1062 3018 ad
1102 2955 1573 3019 institutionem
1605 2953 1934 3036 praecepti
1968 2949 2327 3028 reseratum
2372 2974 2531 3035 pos-

539 3081 644 3134 set
686 3068 858 3132 enim
904 3087 1091 3143 esse,
1139 3066 1311 3149 quod
1354 3064 1575 3131 nullus
1629 3064 1825 3131 homo
1879 3076 2140 3147 praeter
2198 3087 2303 3130 me
2346 3077 2529 3131 esset

538 3194 610 3245 et
651 3179 818 3244 bene
862 3178 1137 3264 diligere
1183 3176 1399 3242 Deum
1438 3198 1723 3260 possem.
1808 3178 1929 3242 Est
1983 3199 2238 3262 quoque
2282 3178 2364 3242 de
2407 3176 2529 3242 ob-

539 3295 804 3358 stinatis
868 3293 937 3356 in
990 3292 1353 3373 proximum
1417 3290 1588 3357 illud
1642 3291 1918 3358 Joannis
1980 3291 2524 3378 intelligendum:

542 3406 673 3481 Qui
716 3426 846 3470 non
891 3403 1110 3489 diligit
1137 3403 1526 3484 proximum,
1572 3425 1762 3487 quem
1800 3404 2008 3484 videt,
2050 3403 2292 3485 Deum,
2336 3426 2529 3488 quem

542 3540 672 3584 non
715 3517 929 3595 videt,
989 3516 1312 3599 quomodo
1356 3526 1575 3596 potest
1617 3515 1946 3603 diligere?
2008 3520 2198 3600 quasi
2255 3518 2529 3597 diceret,

504 3703 509 3712 x
544 3636 654 3719 qui
698 3630 864 3696 adeo
912 3650 1071 3716 erga
1111 3629 1512 3710 proximum,
1555 3649 1746 3712 quem
1773 3629 1990 3709 videt,
2031 3627 2371 3693 induratus
2398 3639 2529 3708 est,

543 3743 716 3828 quod
759 3740 941 3805 nullo
988 3741 1183 3805 modo
1229 3741 1315 3804 ad
1358 3741 1504 3824 ejus
1559 3738 1976 3805 dilectionem
2030 3744 2327 3805 revocari
2382 3752 2530 3823 pot-

544 3868 689 3934 est,
734 3852 891 3933 ille,
937 3852 1088 3917 dum
1127 3851 1284 3918 talis
1329 3865 1471 3931 est,
1513 3850 1731 3918 Deum
1771 3874 1903 3916 non
1946 3865 2168 3939 potest
2208 3854 2525 3941 diligere3

544 3970 674 4044 hoc
718 3969 890 4032 enim
924 3966 1069 4051 jam
1109 3964 1274 4030 nihil
1321 3964 1502 4031 aliud
1545 3976 1688 4045 est,
1734 3987 1926 4050 quam
1962 3969 2330 4049 proximum
2371 3967 2526 4033 odio

548 4080 792 4149 habere
835 4091 905 4145 et
941 4080 1052 4167 qui
1094 4078 1462 4165 proximum
1503 4076 1678 4161 odit,
1719 4076 1937 4147 Deum
1978 4099 2114 4149 non
2158 4077 2400 4169 diligit.
