2842 4800
528 544 727 603 mum,
772 543 813 588 a
857 540 985 606 quo
1030 521 1272 587 omnia.
1359 520 1581 599 Binis,
1647 520 1717 585 id
1760 532 1903 602 est,
1945 519 2169 590 finalis
2216 546 2414 593 causa
2458 538 2528 593 et

535 656 874 719 suprema,
938 646 1202 717 propter
1246 655 1439 718 quam
1484 636 1724 698 omnia.
1813 632 2047 720 Neque
2091 638 2266 703 enim
2307 662 2527 705 come-

532 749 692 814 dere
737 768 861 812 nec
902 746 1186 810 dormire
1231 758 1300 809 et
1340 766 1617 809 uxorem
1649 745 1887 811 ducere
1933 769 2055 812 nec
2098 751 2363 815 omnino
2408 750 2531 814 ali·

535 860 689 946 quid
744 859 965 922 facere
1029 878 1160 920 non
1206 868 1468 938 propter
1515 855 1848 922 Christum
1892 857 2126 923 debeo.
2213 859 2530 945 Alioquin

535 972 941 1052 bestialiter,
1015 971 1256 1035 nostris
1318 980 1566 1033 tantum
1611 967 2055 1050 voluptatibus
2100 972 2307 1036 dediti
2347 976 2531 1038 vive-

533 1106 774 1151 remus.
883 1082 1245 1147 Comedere
1320 1090 1536 1143 autem
1593 1090 1856 1160 propter
1913 1081 2126 1161 ipsum
2190 1081 2528 1163 debemus,

536 1210 610 1262 ut
651 1196 907 1277 corpori
967 1195 1135 1276 quod
1196 1213 1383 1265 suum
1456 1203 1558 1255 est
1625 1203 1690 1255 et
1734 1188 1924 1254 nobis
1975 1195 2388 1257 commissum
2430 1207 2535 1259 est

538 1309 623 1374 ad
690 1305 1096 1372 militandum
1162 1304 1543 1368 necessaria
1619 1305 2099 1383 impendamus,
2171 1303 2403 1387 quibus
2460 1307 2532 1372 in

535 1424 679 1507 ejus
748 1418 1064 1501 obsequio
1129 1424 1551 1481 sustentetur.
1640 1414 1961 1513 Similiter
2019 1426 2087 1480 et
2151 1416 2534 1481 dormiendo

533 1536 755 1617 ipsum
778 1530 1175 1596 'reficiamus
1204 1543 1301 1594 ιιι·
1314 1512 1618 1614 vigilare
1682 1546 1826 1593 cum
1887 1508 2182 1611 oportet,
2245 1531 2326 1592 in
2387 1530 2535 1613 ejus

538 1644 844 1713 laudibus
889 1641 1252 1708 valeamus.
1345 1639 1536 1706 Uxor
1575 1646 1835 1724 ‘quoque
1880 1638 1976 1704 ab
2009 1663 2115 1721 eo,
2162 1642 2272 1724 qui
2300 1655 2404 1705 est
2434 1643 2537 1706 in·
2605 1704 2618 1727 ι

542 1760 939 1841 continens,
983 1754 1279 1821 ducenda
1338 1766 1479 1833 est,
1555 1773 1686 1816 non
1730 1752 1945 1818 solum
1989 1754 2072 1819 ad
2114 1752 2291 1819 filios
2336 1777 2534 1843 gene·

541 1869 822 1949 randos,
881 1867 1001 1932 sed
1064 1888 1147 1931 ne
1216 1889 1363 1932 eum
1428 1867 1867 1930 fornicatione
1911 1842 2223 1933 offendat.
2312 1865 2425 1932 Sic
2469 1879 2539 1932 et

473 1986 481 1997 '
544 1993 771 2047 cetera
827 1990 1094 2063 propter
1163 1979 1376 2063 ipsum
1454 1979 1761 2043 facienda
1831 1988 2113 2043 constat.
2224 1978 2539 2064 Alioquin

542 2094 786 2163 frustra
828 2096 1419 2199 remunerationem
1464 2103 2017 2175 exspectaremus,
2063 2092 2144 2170 si,
2189 2113 2354 2174 quae
2397 2093 2539 2178 agi-

544 2228 712 2288 mus,
758 2220 1021 2293 propter
1074 2208 1287 2290 ipsum
1342 2227 1475 2271 non
1515 2205 1862 2271 faciemus.
1954 2201 2147 2279 Quod
2191 2204 2542 2292 diligenter

550 2317 887 2404 apostolus
947 2319 1306 2382 adtendens
1367 2320 1437 2382 in
1499 2298 1778 2401 epistola
1837 2317 1921 2382 ad
1983 2316 2360 2385 Corinthios
2406 2319 2537 2383 ait·

549 2429 782 2498 Sive·
825 2452 1026 2518 ergo
1092 2431 1632 2496 manducatis
1715 2433 1903 2495 sive
1979 2428 2286 2496 bibitis
2352 2431 2540 2500 sive

552 2541 786 2611 aliud
849 2544 1041 2644 quid
1081 2533 1442 2624 facitis,
1508 2543 1782 2607 omnia
1842 2542 1925 2605 in
1968 2540 2337 2629 gloriam
2379 2540 2543 2610 Dei

550 2656 845 2723 facite.
1254 2731 1259 2736 Ι

720 2767 1213 2856 Sacramentum
1258 2778 1363 2831 est
1404 2765 1671 2831 visibile
1714 2767 1970 2855 signum
1996 2764 2349 2830 invisibilis
2391 2788 2543 2858 gra·

556 2869 721 2968 tiae,
763 2885 974 2952 veluti
1016 2871 1165 2952 cum‘
1204 2886 1348 2968 quis
1392 2882 1796 2966 baptizatur,
1839 2885 1984 2968 ipsa
2026 2884 2318 2950 exterior
2358 2880 2547 2946 ablu-

553 3000 649 3065 tio
707 3000 1035 3086 corporis,
1098 3019 1291 3082 quam
1352 2997 1691 3080 videmus,
1764 2977 2025 3083 signum
2072 3006 2175 3060 est
2213 2996 2547 3062 interioris

557 3109 915 3180 ablutionis
960 3111 1241 3192 animae.
1334 3108 1499 3175 Cum
1541 3110 1639 3175 ita
1684 3107 1879 3174 homo
1924 3109 2203 3173 interior
2246 3129 2287 3173 a
2315 3127 2549 3191 pecca-

559 3226 651 3290 tis
691 3223 1037 3292 mundatur
1054 3227 1081 3304 ’,
1127 3211 1563 3324 sicex'terior
1606 3245 1645 3288 a
1688 3221 1990 3292 sordibus
2034 3218 2408 3288 carnalibus
2450 3218 2551 3284 la·

557 3348 774 3406 ratur.

1394 3529 1607 3617 Caput
1645 3529 1738 3597 11.

933 3645 1024 3704 De
1056 3645 1196 3744 tide,
1247 3657 1391 3717 qaae
1424 3649 1485 3703 et
1520 3644 1853 3703 naturaliter
1884 3642 2189 3718 praecedit.

737 3777 931 3876 Nunc
974 3792 1191 3847 autem
1233 3779 1440 3846 tribus
1482 3800 1678 3867 supra
1725 3779 1961 3864 positis
2015 3776 2304 3844 breviter
2345 3757 2558 3866 assig-

560 3867 745 3962 natis
789 3905 986 3979 atque
1015 3892 1360 3984 descriptis
1403 3892 1486 3957 de
1530 3890 1807 3984 singulis
1853 3889 2232 3982 diligentius
2263 3908 2558 3978 agamus,

572 4018 907 4110 quantum
927 4003 1014 4075 ad
1056 4026 1254 4090 supra
1294 4007 1575 4094 positam
1619 4003 1942 4110 humanae
1982 4001 2218 4070 salutis
2245 4021 2562 4072 summam
