2842 4800
526 566 898 651 finitione,
955 573 1110 655 quia
1144 569 1329 638 aliud
1368 582 1474 638 est
1516 593 1669 639 esse
1711 572 1969 657 album,
2032 574 2216 643 aliud
2257 589 2362 644 est
2402 597 2555 643 esse

555 682 842 762 sedeas,
905 676 1140 768 quippe
1185 682 1370 748 aliud
1418 686 1729 749 convenit
1771 688 1848 751 ei·
1879 709 1967 753 ex
2008 685 2174 770 hoo,
2234 690 2408 773 quod
2450 700 2555 755 est

520 794 781 860 album
823 806 893 858 et
934 794 1112 859 aliud
1156 817 1241 861 ex
1299 792 1426 860 hoc
1451 841 1472 875 ,
1517 799 1692 881 quod
1736 810 1840 863 est
1880 800 2145 865 sedens.
2232 799 2556 866 Similiter

523 898 668 973 'hic
708 909 941 990 paries*
971 919 1041 971 et
1082 905 1247 971 haec
1290 908 1539 1006 domus·
1561 910 1735 975 idem
1778 932 2045 975 numero
2090 924 2264 978 sunt.
2351 911 2556 983 Aliud

522 1031 786 1111 wameu
832 1032 935 1085 est
991 1041 1140 1084 esse
1207 1019 1370 1100 hoc,
1440 1032 1507 1085 et
1571 1020 1754 1085 aliud
1807 1043 1957 1086 esse
2018 1021 2211 1088 illud.
2300 1025 2551 1091 Eodem

555 1134 750 1200 modo
796 1134 879 1198 de
920 1132 1044 1197 illo
1087 1132 1451 1216 conjicitur.
1486 1176 1496 1187 -
1539 1135 1735 1199 Licet
1776 1137 1950 1200 enim
1987 1136 2551 1203 eademsubstan·

530 1248 688 1324 ·tia,
756 1268 924 1331 quae
970 1258 1073 1310 est
1112 1258 1336 1328 pater,
1403 1249 1492 1312 sit
1545 1247 1721 1313 filius
1769 1262 1836 1313 et
1877 1250 2108 1315 eadem
2151 1253 2242 1314 sit
2280 1253 2548 1334 spiritus

553 1371 822 1424 sanctus
850 1370 941 1421 ‘et
982 1356 1148 1423 haee
1188 1361 1321 1423 sint
1361 1359 1574 1425 divisa
1600 1361 2136 1442 proprietatibus,
2174 1365 2329 1447 quia
2366 1362 2549 1428 aliud

552 1485 659 1539 est
702 1494 852 1538 esse
896 1485 1170 1556 patrem,
1216 1474 1399 1539 aliud
1443 1488 1546 1539 est
1590 1456 1739 1541 esse
1782 1475 2013 1558 filium,
2059 1476 2237 1543 aliud
2267 1490 2547 1544 estesse

550 1584 848 1669 spiritum
890 1599 1225 1667 sanctum,
1293 1586 1454 1652 licet
1517 1589 1642 1653 hoo
1675 1578 1948 1674 ‘inquam
2008 1591 2138 1670 sit,
2197 1602 2417 1656 tamen
2477 1602 2547 1656 et

549 1700 725 1767 idem
779 1721 1048 1764 numero
1091 1712 1244 1766 sunt
1279 1700 1444 1766 illae
1510 1686 1662 1767 tres¹
1687 1722 2053 1784 personae,
2110 1702 2262 1788 quia
2302 1725 2433 1768 una
2476 1715 2545 1768 ει

550 1813 783 1878 eadem
861 1816 1173 1878 essentia.
1275 1812 1596 1880 Similiter
1660 1814 1845 1881 Deus
1922 1829 2028 1881 est
2104 1792 2547 1899 omnipotens,-

548 1927 1030 2009 omnisapiens,
1117 1926 1644 2014 omnibenignus.
1752 1928 2189 2013 Omnipotens
2251 1952 2410 1995 vero
2478 1942 2546 1995 et

448 2126 455 2135 .
550 2042 994 2122 omnisapiens
1065 2050 1135 2103 et
1210 2028 1709 2126 omnibenignus
1778 2043 1960 2107 idem
2026 2062 2294 2107 numero
2364 2055 2538 2122 sunt,

396 2150 420 2168 '
514 2144 730 2219 ·'aliud
774 2158 1141 2218 tamen-est
1169 2172 1333 2218 esse
1380 2156 1928 2238 omnipotentem,
1998 2167 2066 2220 et
2107 2154 2292 2220 aliud¹
2333 2159 2539 2220 omui-

510 2258 933 2350 ·sapientem,
991 2279 1059 2331 et
1100 2266 1281 2331 aliud
1322 2267 1877 2354 omnibenignum.
1965 2267 2039 2332 Si
2083 2289 2242 2354 ergo
2288 2268 2540 2335 dicatur

468 2382 720 2448 ·¹·idem
765 2394 865 2447 est
905 2394 1128 2466 pater,
1189 2383 1299 2467 qui
1339 2380 1558 2462 filius,
1615 2385 1726 2466 qui
1771 2382 2034 2464 spiritus
2078 2393 2344 2446 sanctus
2389 2394 2456 2447 et
2499 2404 2542 2446 e

546 2517 906 2575 converso,
953 2493 1197 2560 falsum
1241 2505 1381 2574 est,
1441 2497 1592 2578 quia
1633 2496 1730 2559 sic
1772 2509 1905 2559 tres
1947 2516 2270 2577 personae
2314 2505 2538 2560 essent

541 2632 678 2675 una
719 2629 1026 2693 persona.
1115 2606 1188 2673 Si
1231 2629 1388 2673 vero
1435 2608 1688 2673 dicatur
1727 2609 1902 2673 idem
1947 2620 2052 2672 est
2090 2620 2319 2690 pater,
2365 2606 2540 2691 quod

504 2721 720 2789 -filius
766 2735 834 2787 et
887 2724 1154 2807 spiritus
1214 2734 1516 2802 sanctuS,
1582 2734 1651 2786 et
1694 2745 1731 2786 e
1778 2742 2098 2787 converso
2140 2743 2364 2788 verum
2409 2733 2532 2799 est,

504 2838 700 2921 -quia
754 2856 888 2901 una
943 2849 1009 2901 et
1066 2835 1295 2900 eadem
1358 2837 1650 2899 essentia
1708 2838 1899 2900 trium
1940 2855 2364 2918 personarum
2407 2845 2532 2898 est.

544 2949 822 3016 Trinum
879 2950 1194 3014 videlicet
1259 2973 1300 3015 a
1342 2960 1643 3015 ereatura
1689 2969 1836 3014 eum
1894 2958 2363 3036 cognoverunt.
2442 2944 2537 3012 Ut

496 3081 730 3149 ⁹·ergo,
777 3062 948 3147 quod
982 3062 1295 3140 dicimus,
1340 3064 1713 3145 propi(ti)us
1755 3064 1824 3125 in
1869 3081 2208 3125 commune
2250 3058 2528 3142 liqueat,

522 3173 719 3240 ·circa
732 3173 1066 3261 vulgatum
1081 3177 1437 3258 superioris
1451 3175 1769 3241 materiae
1787 3196 2123 3241 versemur
2137 3170 2530 3256 exemplum.

530 3289 665 3355 Est
705 3291 906 3376 igitur
946 3291 1126 3372 prius
1169 3311 1394 3356 aurum
1455 3288 1630 3372 quod
1673 3267 2314 3372 quidemlacceptum
2355 3283 2531 3350 seul-

536 3404 715 3487 pitur
773 3414 841 3465 et
881 3399 960 3467 fit
1001 3400 1332 3488 sigillum,
1394 3412 1630 3484 postea
1691 3401 2059 3484 inprimitur
2112 3420 2302 3464 cerae
2347 3410 2414 3463 et
2453 3396 2533 3462 fit

537 3511 872 3602 sigillansss
963 3513 1076 3579 sio
1134 3515 1337 3599 igitur
1401 3534 1548 3578 eum
1605 3513 1783 3580 idem
1824 3515 1916 3577 sit
1954 3531 2224 3576 numero
2269 3522 2339 3575 et
2380 3513 2534 3597 quia

535 3643 669 3691 una
713 3637 781 3690 et
824 3626 1056 3692 eadem
1100 3627 1430 3704 essentia,
1491 3637 1712 3690 tamen
1772 3617 1908 3689 tria'
1942 3636 2094 3689 sunt
2133 3624 2534 3706 proprietate

504 3738 825 3818 ³diversa,
874 3741 1027 3825 qnia
1070 3737 1249 3804 aliud
1290 3749 1393 3803 est
1436 3759 1586 3803 esse
1630 3736 1757 3803 hoe
1797 3758 2023 3803 aarum
2064 3748 2134 3802 et
2178 3735 2363 3803 aliud
2403 3736 2532 3802 hoe

535 3849 925 3940 sigillabile.
978 3851 1183 3918 Juxta
1222 3853 1426 3939 igitur
1464 3848 1637 3915 hane
1679 3851 2036 3917 trinitatem
2071 3851 2141 3916 in
2186 3852 2530 3930 creaturis,

494 3983 503 4002 ·
535 3966 897 4031 trinitatem
932 3965 1006 4030 in
1050 3965 1271 4030 divina
1324 3962 1696 4030 substantia
1750 3964 2129 4049 conjectare
2167 3962 2372 4029 facile
2410 3984 2529 4047 po·

493 4069 821 4146 ·'tuernut.
933 4074 1101 4146 Cum
1177 4078 1349 4143 enim
1413 4077 1609 4143 unius
1679 4087 1747 4143 et
1815 4076 2115 4163 ejusdem
2169 4076 2529 4144 divinitatis
