2842 4800
569 546 719 622 nem
763 566 941 624 tuam
984 557 1328 626 extendas.
1403 556 1482 625 ln
1506 558 1860 628 dilectione
1883 583 2041 628 vero
2067 566 2350 647 proximi
2371 564 2569 634 men·

566 690 725 734 sura
767 683 904 749 est,
963 670 1076 735 nbi
1132 672 1375 737 dictum
1419 683 1562 738 est:
1630 664 1872 760 diliges
1929 677 2294 759 proximum
2346 692 2565 761 tunm,
2625 719 2640 731 ·

567 784 737 845 sicut
793 784 1148 867 teipsum.
1233 782 1386 850 Non
1442 788 1537 849 ait
1584 798 1929 870 quantum,
1990 788 2111 853 sed
2153 790 2344 854 sicut.
2430 793 2565 858 Est

566 897 770 980 igitur
808 917 1084 961 sensus:
1150 894 1318 961 illud
1361 895 1643 983 bonum,
1709 900 1883 981 quod
1923 900 2057 971 ,tibi
2112 901 2326 968 velles
2380 903 2562 984 fieri,

565 1013 624 1074 εἰ
671 1031 854 1074 εεεεε
900 1012 971 1073 in
1016 1029 1095 1072 eo
1140 1010 1386 1094 gradu,
1445 1012 1508 1075 ei
1548 1010 1719 1079 velis
1762 1015 1830 1076 in
1876 1034 1957 1077 eo
2003 1014 2250 1101 gradu,
2311 1019 2379 1081 in
2424 1039 2561 1101 quo

566 1135 690 1211 εει.
778 1120 970 1186 Unde
1013 1120 1218 1189 alibi:
1284 1144 1705 1206 quaecunque
1747 1123 1987 1204 vultiS,
2048 1138 2122 1191 ιιι
2166 1127 2562 1200 faciantvo-

567 1234 671 1300 bis
716 1235 1052 1315 homines,
1099 1235 1326 1301 eadem
1370 1257 1491 1300 vos
1534 1237 1736 1301 facite
1788 1236 1996 1313 illis„
2053 1238 2294 1305 Omnia
2350 1241 2561 1324 siqui·

565 1349 718 1421 dem
761 1348 1072 1414 debemus
1117 1347 1267 1414 aliis
1310 1350 1576 1441 facere,¹
1604 1372 1770 1433 quae
1797 1350 2118 1419 vellemus
2146 1352 2337 1418 nobis
2377 1353 2557 1433 fieri,

563 1464 621 1526 εἰ
669 1482 962 1527 essemus
1006 1462 1077 1526 in
1122 1461 1352 1527 eodem
1393 1464 1606 1548 gradu
1658 1477 1725 1527 et
1780 1467 1850 1529 iu
1911 1466 2144 1531 eadem
2205 1468 2553 1553 dignitate·

484 1654 491 1659 ι
566 1571 1007 1658 Quaecunque
1047 1573 1288 1654 vultis,
1327 1576 1396 1640 id
1441 1588 1581 1656 εει,
1624 1576 2025 1660 approbatis.
2109 1577 2184 1643 Si
2227 1581 2399 1643 enim
2434 1598 2556 1642 vo·-

561 1686 672 1766 lo,
714 1686 877 1752 mihi
916 1686 1148 1752 adduci
1207 1700 1530 1767 scortum,
1598 1687 1722 1753 hoc
1784 1710 1915 1754 non
1969 1689 2286 1772 approbo.
2371 1689 2555 1755 Hinc

562 1796 760 1863 etiam
819 1799 1057 1863 dictum
1115 1810 1255 1878 est,
1302 1802 1485 1884 ,quod
1529 1799 1650 1865 tibi
1693 1822 1824 1866 non
1868 1803 1971 1866 vis
2013 1801 2197 1881 fieri,
2256 1800 2374 1867 alii
2411 1822 2551 1870 nou
2641 1850 2670 1861 ..

559 1914 824 1978 secet-is-
902 1912 1191 1988 Quorum
1235 1911 1511 1979 alterum
1554 1913 1880 1994 naturale,
1923 1926 1999 1980 ιιι
2041 1912 2203 1980 hoc:
2266 1911 2553 1979 alterum

561 2028 950 2115 positivum,
1009 2038 1081 2090 ut
1133 2024 1342 2090 illud:
1405 2048 1826 2110 quaecunque
1882 2025 2123 2106 vultis,
2183 2037 2259 2090 ut
2299 2025 2555 2091 faciant

562 2151 691 2204 etc.
754 2138 865 2204 Sic
906 2158 1064 2203 vero
1120 2149 1188 2201 et
1238 2136 1427 2202 Deus
1480 2138 1850 2225 diligendus
1905 2150 2008 2203 est
2062 2151 2131 2202 et
2186 2138 2552 2221 proximus,

557 2265 633 2319 ut
677 2250 964 2316 charitas
1028 2262 1253 2316 nostra
1312 2252 1401 2314 sit
1462 2251 1788 2317 ordinata.
1892 2250 2078 2315 Sicut
2132 2254 2306 2316 enim
2358 2251 2551 2317 Deu-

558 2386 717 2449 prae
781 2362 1150 2428 hominibus
1215 2363 1428 2428 bonus
1485 2375 1624 2445 εει,
1695 2366 1793 2429 εἰσ
1855 2383 2050 2448 super
2112 2366 2333 2430 omnia
2395 2365 2550 2431 dili-

560 2476 816 2564 gendus
881 2487 1021 2555 εει,
1084 2487 1152 2538 ει
1213 2478 1310 2539 sic
1374 2498 1534 2558 prae
1597 2476 1897 2541 omnibus
1968 2477 2338 2564 diligendus
2406 2489 2548 2559 est,

559 2595 659 2658 sic
722 2590 933 2657 honor
1001 2602 1069 2655 et
1129 2592 1502 2655 reverentia
1561 2593 1769 2676 magis
1835 2603 1939 2656 εει
2002 2594 2066 2657 ei
2129 2592 2549 2673 exhibenda,

557 2715 710 2788 post
750 2706 962 2786 ipsum
1007 2704 1205 2768 etiam
1259 2702 1342 2767 de
1393 2701 1672 2789 siugulis
1728 2703 1797 2768 in
1852 2704 2061 2790 gradu
2117 2725 2240 2770 suo
2284 2717 2389 2770 est
2442 2704 2549 2770 fa·

559 2816 818 2881 cienda.
901 2814 974 2879 Si
1018 2801 1192 2880 enim
1250 2814 1539 2899 aliquem
1593 2815 1785 2880 video
1847 2818 2061 2901 magis
2126 2815 2300 2881 bono
2360 2815 2550 2903 dign·

558 2953 707 3010 nm,
767 2950 958 3013 quam
1015 2951 1140 3016 ego
1199 2929 1323 2994 sim
1380 2942 1448 2993 et
1502 2932 1713 3012 ipsum
1757 2930 1823 2994 ei
1880 2932 2139 3016 magis,
2192 2954 2387 3016 quam
2425 2934 2554 2997 mi·

561 3042 631 3109 hi
676 3062 910 3124 cupere
951 3038 1188 3105 debeo.
1253 3039 1366 3104 Sic
1407 3042 1729 3125 siquidem
1778 3043 1938 3107 ordo
1980 3045 2049 3108 in
2095 3046 2368 3109 caritate
2404 3065 2550 3110 εει·-

456 3199 474 3214 f
558 3166 788 3234 vatur,
844 3166 918 3216 ut
974 3175 1090 3236 pro
1135 3155 1384 3218 meritis
1429 3165 1497 3219 et
1539 3175 1667 3238 pro
1717 3156 2179 3220 convenientia
2234 3157 2551 3241 cujusque

570 3269 785 3353 magis
827 3264 941 3330 vel
979 3267 1193 3336 minus
1235 3235 1304 3332 id
1348 3266 1625 3331 diversis
1667 3267 1977 3354 gradibus
2021 3288 2138 3333 εοε
2181 3266 2553 3352 diligamus.

559 3376 933 3445 Notandum
976 3389 1233 3455 tamen,
1277 3377 1449 3462 quod
1489 3398 1634 3446 cum
1673 3378 1876 3443 talem
1919 3378 2213 3443 ordinem
2243 3380 2312 3442 iu
2344 3377 2550 3443 dilec-

564 3492 748 3554 tione
803 3492 1093 3556 retinere
1146 3489 1543 3571 debeamuS,
1597 3489 1778 3574 quod
1820 3492 2032 3577 magis
2076 3488 2354 3554 debeam
2398 3489 2550 3554 dili-

560 3621 717 3688 gere
763 3600 1048 3684 aliquem
1089 3599 1511 3686 religiosum,
1572 3593 1764 3685 quam
1820 3614 2072 3683 patrem
2127 3623 2385 3682 meum,
2438 3604 2550 3686 qui

561 3735 693 3778 non
730 3724 831 3777 εει
867 3713 1033 3777 adeo
1066 3711 1445 3799 religiosus.
1503 3711 1584 3778 In
1618 3711 2024 3779 exhibitione
2055 3712 2350 3796 profecto
2388 3711 2548 3779 cha·-

562 3827 774 3893 ritatis
828 3826 1025 3892 aliter
1080 3837 1186 3889 εει
1242 3824 1651 3909 faciendum,
1725 3827 1911 3911 quia,
1977 3827 2039 3891 εἰ
2095 3845 2228 3891 uon
2281 3846 2550 3910 possum
2591 3841 2604 3862 ·

466 3992 472 3999 .
560 3941 817 4021 utrique
865 3937 1207 4016 sufficere,
1267 3935 1374 4003 illi
1413 3917 1577 4003 eane
1618 3935 1998 4005 subtraham
2050 3947 2120 4003 et
2174 3938 2346 4022 patri
2396 3933 2548 4001 meb

564 4050 866 4120 tribuam.
970 4049 1196 4139 Magi-
1257 4051 1432 4119 enim
1486 4052 1557 4119 in
1623 4048 2035 4119 exhibitione
2084 4070 2196 4130 me
2251 4048 2338 4144 ad
2400 4066 2547 4130 εοε,
