2842 4800
538 381 649 497 ⁹8,

530 570 791 659 'cipales
847 576 1068 651 partes
1110 561 1476 640 dividatur,
1533 551 2031 646 intelligendum
2089 567 2234 655 esu„
2299 552 2533 622 Virtus

541 701 683 766 est,
726 697 820 759 ‘ut
883 683 1072 764 ajunt
1131 664 1549 762 philosophi,
1615 672 1876 737 habitus
1943 673 2184 738 mentis
2249 671 2534 750 optimus

539 801 652 869 vel
678 799 845 864 bene
880 795 1273 858 constitutae
1302 791 1568 855 mentis.
1649 785 2021 852 Notandum
2067 797 2310 859 autem,
2354 780 2533 868 quod

542 914 772 981 Sancti
818 908 1251 972 diffinitiones
1296 904 1602 967 virtutum
1626 911 1688 963 'a
1728 895 2138 982 philosophis
2179 896 2432 978 positas
2466 900 2535 973 et

541 1026 902 1094 divisiones
945 1039 1061 1102 per
1090 1016 1365 1099 species
1421 1034 1563 1078 non·
1612 1022 2062 1088 mutaverunt,
2125 1007 2243 1071 sed
2286 1027 2402 1069 eas
2445 1003 2532 1068 ab

544 1143 644 1207 eis
703 1145 1009 1216 acceptas
1064 1127 1417 1216 diligenter
1471 1136 1926 1219 exposuerunt,
1976 1133 2045 1185 et
2100 1123 2531 1184 retinuerunt.

541 1250 902 1319 Videamus
965 1246 1164 1330 igitur
1220 1240 1722 1316 diffinitionem,
1749 1266 1757 1274 ·
1788 1233 2112 1323 quomodo
2157 1237 2243 1294 sit
2279 1228 2533 1294 intelli·

541 1363 781 1453 genda.
865 1355 1095 1423 Virtus
1139 1365 1242 1417 est
1285 1338 1546 1416 habitus
1589 1330 1863 1426 mentiti,
1904 1348 1973 1411 id
2018 1358 2156 1424 est,
2202 1345 2376 1407 bona
2408 1362 2530 1404 vo-

539 1476 761 1541 luntas
817 1470 1057 1535 mentis
1112 1467 1211 1530 sic
1265 1467 1334 1547 in
1392 1462 1685 1527 habitum
1723 1481 1841 1542 per
1883 1460 2084 1533 animi
2144 1457 2534 1542 applicatio-

546 1608 696 1653 nem
739 1604 972 1661 versa‚
1033 1577 1208 1666 quod
1250 1579 1366 1640 vix
1410 1587 1523 1639 aut
1577 1595 1905 1659 nunquam
1959 1574 2253 1655 separari
2296 1571 2534 1653 possit.

541 1700 694 1766 Hoc
757 1700 934 1763 enim
995 1707 1260 1760 notatur
1321 1715 1438 1777 per
1501 1692 1667 1768 hoc,
1729 1690 1903 1804 quod
1967 1690 2203 1754 dicitur
2263 1692 2534 1760 habitus

540 1815 808 1910 mentis.
891 1809 1064 1878 Nam
1105 1820 1258 1873 sunt
1315 1807 1556 1893 aliqui,
1603 1798 1729 1894 qui
1773 1824 1932 1870 cum
1988 1806 2182 1869 modo
2239 1804 2534 1871 habeant

543 1930 949 1995 voluntatem
1006 1924 1237 2006 cuique
1295 1921 1614 1986 reddendi
1673 1918 1845 2005 quod
1889 1941 2074 1983 suum
2119 1930 2258 1997 est,
2324 1921 2531 1985 facile

540 2057 762 2108 tamen
803 2036 886 2103 ab
932 2034 1054 2100 hac
1098 2038 1564 2116 permutantur.
1634 2031 1949 2096 Similiter
1990 2033 2056 2094 in
2102 2031 2255 2095 aliis
2298 2034 2531 2106 videre

539 2154 740 2220 licet:
805 2161 879 2214 ut
923 2161 1026 2215 est
1087 2147 1363 2230 aliquis,
1427 2147 1537 2231 qui
1595 2146 1789 2209 modo
1850 2143 2250 2210 voluntatem
2313 2151 2536 2212 carnis

541 2264 939 2348 restringere
980 2272 1289 2337 conatur,
1357 2279 1501 2322 cnm
1546 2268 1764 2319 tamen
1810 2277 1954 2331 eam
1995 2260 2190 2338 paulo
2247 2257 2536 2339 pleniter

545 2384 873 2444 exerceat.
963 2369 1050 2437 Ut
1091 2373 1264 2436 enim
1307 2372 1512 2436 virtus
1555 2370 1675 2447 sit,
1723 2389 1808 2434 ex
1853 2370 2534 2452 animi-applicatione

542 2491 771 2556 venire
831 2483 1053 2549 debet.
1158 2483 1349 2550 Unde
1408 2480 1846 2580 Aristoteles:
1916 2481 2087 2547 tales
2149 2488 2319 2551 enim
2379 2499 2536 2551 sunt

542 2600 864 2667 scientiae
907 2609 976 2661 et
1016 2598 1315 2660 virtutes·
1354 2672 1362 2679 ,
1402 2595 1577 2677 Quia
1619 2615 1776 2657 vero
1820 2607 1967 2658 sunt
2023 2598 2359 2677 nonnulli,
2422 2602 2533 2685 qui

543 2716 818 2780 virtutes
851 2710 1297 2774 continentiae
1339 2705 1451 2771 vel
1491 2708 1688 2769 etiam
1734 2709 2002 2787 pietatis
2037 2697 2340 2775 affectum
2375 2733 2536 2797 erga

545 2825 719 2891 alios
763 2820 1049 2902 habent,
1092 2821 1211 2886 sed
1254 2805 1393 2892 non.
1426 2832 1687 2903 propter
1726 2819 1983 2898 Deum,
2046 2821 2199 2884 ideo
2242 2844 2372 2887 non
2417 2845 2534 2887 va-

545 2940 645 3005 let
687 2940 783 3004 eis
827 2935 911 3001 ad
945 2934 1252 3013 salutem,
1295 2934 1446 2998 ideo
1485 2932 1932 3018 subjungitur:
1981 2936 2285 3014 optimus,
2330 2938 2394 3000 id
2430 2949 2534 3002 est

546 3051 742 3130 talis,
804 3050 914 3132 qui
967 3050 1176 3130 prosit
1219 3046 1302 3110 ad
1343 3050 1545 3109 vitam
1608 3048 1914 3125 optimam
1964 3044 2073 3108 vel
2113 3047 2182 3108 in
2226 3069 2354 3134 quo
2397 3070 2538 3113 me..

545 3166 738 3230 ritum
785 3162 1127 3226 consistat.
1213 3156 1434 3237 Nota,
1482 3135 1654 3242 quod
1694 3156 1952 3252 Dauid,
1996 3137 2189 3242 quum
2233 3182 2538 3227 concum-

547 3273 750 3341 bebat
794 3295 937 3338 cum
979 3269 1389 3349 Bethsabee,
1436 3290 1567 3334 non
1613 3267 1899 3334 habebat
1934 3269 2352 3341 dilectionem
2387 3297 2538 3357 pro..

545 3389 710 3455 ximi
758 3408 837 3498 yn
899 3384 1336 3450 exhibitione.
1436 3382 1786 3465 Scriptum-
1817 3396 1920 3447 est
1983 3386 2201 3452 enim:
2266 3386 2538 3453 dilectio

548 3498 825 3581 proximi
871 3496 1114 3563 malum
1171 3518 1303 3561 non
1361 3509 1688 3578 operatur.
1790 3493 1964 3562 Nam
2020 3519 2150 3562 non
2208 3499 2543 3566 adultera-

549 3610 654 3673 bis
700 3618 830 3672 etc.
897 3607 1104 3674 Salva
1145 3611 1346 3695 igitur
1386 3610 1776 3673 auctoritate
1813 3610 1949 3674 ista
1990 3610 2314 3693 dicemus,
2365 3616 2543 3696 quod

549 3719 872 3806 diligebat
911 3718 1136 3786 Uriam
1193 3722 1436 3787 affectu
1487 3722 1608 3786 sed
1652 3742 1781 3785 non
1819 3723 2080 3787 effectu.
2155 3723 2348 3792 Haec
2381 3750 2544 3794 vero

552 3835 910 3899 auctoritas
957 3832 1039 3898 de
1076 3832 1443 3900 dilectione
1483 3836 1553 3898 in
1593 3835 1832 3900 effectu
1872 3833 2287 3923 intelligitur.

717 3942 910 4011 Nunc
956 3944 1037 4009 de
1078 3944 1424 4028 speciebus
1466 3948 1746 4011 virtutis
1775 3947 2150 4029 videamus,
2197 3971 2359 4035 quas
2400 3954 2546 4035 qui-

552 4056 703 4122 dam
744 4057 814 4123 in
857 4059 1135 4141 majori,
1178 4058 1440 4143 quidam
1481 4060 1552 4125 in
1590 4060 1826 4126 minori
1867 4080 2138 4129 numero
2183 4067 2564 4133 constitue-2

1943 4183 1973 4191 ἡ
