<?xml version="1.0" encoding="UTF-8"?>
<!DOCTYPE html PUBLIC "-//W3C//DTD XHTML 1.0 Transitional//EN"
    "http://www.w3.org/TR/xhtml1/DTD/xhtml1-transitional.dtd">
<html xmlns="http://www.w3.org/1999/xhtml" xml:lang="en" lang="en">
 <head>
  <title>
</title>
<meta http-equiv="Content-Type" content="text/html;charset=utf-8" />
  <meta name='ocr-system' content='tesseract 3.04.00' />
  <meta name='ocr-capabilities' content='ocr_page ocr_carea ocr_par ocr_line ocrx_word'/>
</head>
<body>
  <div class='ocr_page' id='page_1' title='image "./epitometheologi00rheigoog_0154.png"; bbox 0 0 2842 4800; ppageno 0'>
   <div class='ocr_carea' id='block_1_1' title="bbox 471 384 634 460">
    <p class='ocr_par' dir='ltr' id='par_1_1' title="bbox 471 384 634 460">
     <span class='ocr_line' id='line_1_1' title="bbox 471 384 634 460; baseline 0 0"><span class='ocrx_word' id='word_1_1' title='bbox 471 384 634 460; x_wconf 84' lang='lat' dir='ltr'><strong>11o</strong></span> 
     </span>
    </p>
   </div>
   <div class='ocr_carea' id='block_1_2' title="bbox 386 555 2462 2455">
    <p class='ocr_par' dir='ltr' id='par_1_2' title="bbox 386 555 2462 2455">
     <span class='ocr_line' id='line_1_2' title="bbox 473 555 2462 657; baseline 0.01 -37"><span class='ocrx_word' id='word_1_2' title='bbox 473 567 604 621; x_wconf 87' lang='lat' dir='ltr'><strong>tur.</strong></span> <span class='ocrx_word' id='word_1_3' title='bbox 691 556 820 634; x_wconf 77' lang='lat' dir='ltr'><strong>Qui</strong></span> <span class='ocrx_word' id='word_1_4' title='bbox 866 555 1065 643; x_wconf 79' lang='lat' dir='ltr'><strong>igitur</strong></span> <span class='ocrx_word' id='word_1_5' title='bbox 1106 559 1205 624; x_wconf 86' lang='lat' dir='ltr'><strong>sic</strong></span> <span class='ocrx_word' id='word_1_6' title='bbox 1244 578 1360 644; x_wconf 85' lang='lat' dir='ltr'><strong>pro</strong></span> <span class='ocrx_word' id='word_1_7' title='bbox 1404 566 1692 646; x_wconf 79' lang='lat' dir='ltr'><strong>peccatis</strong></span> <span class='ocrx_word' id='word_1_8' title='bbox 1752 580 2058 656; x_wconf 83' lang='lat' dir='ltr'><strong>gemunt,</strong></span> <span class='ocrx_word' id='word_1_9' title='bbox 2118 590 2252 637; x_wconf 91' lang='lat' dir='ltr'><strong>non</strong></span> <span class='ocrx_word' id='word_1_10' title='bbox 2308 593 2462 657; x_wconf 86' lang='lat' dir='ltr'><strong>pec-</strong></span> 
     </span>
     <span class='ocr_line' id='line_1_3' title="bbox 473 672 2462 768; baseline 0.009 -34"><span class='ocrx_word' id='word_1_11' title='bbox 473 684 621 735; x_wconf 87' lang='lat' dir='ltr'><strong>cata</strong></span> <span class='ocrx_word' id='word_1_12' title='bbox 665 674 762 735; x_wconf 90' lang='lat' dir='ltr'><strong>eis</strong></span> <span class='ocrx_word' id='word_1_13' title='bbox 822 672 1170 754; x_wconf 80' lang='lat' dir='ltr'><strong>displicent</strong></span> <span class='ocrx_word' id='word_1_14' title='bbox 1221 688 1487 758; x_wconf 90' lang='lat' dir='ltr'><strong>propter</strong></span> <span class='ocrx_word' id='word_1_15' title='bbox 1526 678 1745 745; x_wconf 80' lang='lat' dir='ltr'><strong>Deum</strong></span> <span class='ocrx_word' id='word_1_16' title='bbox 1814 684 1932 748; x_wconf 90' lang='lat' dir='ltr'><strong>sed</strong></span> <span class='ocrx_word' id='word_1_17' title='bbox 1983 692 2250 767; x_wconf 79' lang='lat' dir='ltr'><strong>propter</strong></span> <span class='ocrx_word' id='word_1_18' title='bbox 2297 706 2462 768; x_wconf 86' lang='lat' dir='ltr'><strong>poe·</strong></span> 
     </span>
     <span class='ocr_line' id='line_1_4' title="bbox 471 782 2458 881; baseline 0.009 -35"><span class='ocrx_word' id='word_1_19' title='bbox 471 804 644 851; x_wconf 86' lang='lat' dir='ltr'><strong>nam.</strong></span> <span class='ocrx_word' id='word_1_20' title='bbox 733 782 924 850; x_wconf 85' lang='lat' dir='ltr'><strong>Talis</strong></span> <span class='ocrx_word' id='word_1_21' title='bbox 964 788 1165 872; x_wconf 85' lang='lat' dir='ltr'><strong>igitur</strong></span> <span class='ocrx_word' id='word_1_22' title='bbox 1208 792 1532 854; x_wconf 47' lang='lat' dir='ltr'><strong>contritio&gt;</strong></span> <span class='ocrx_word' id='word_1_23' title='bbox 1559 792 1800 859; x_wconf 87' lang='lat' dir='ltr'><strong>nullius</strong></span> <span class='ocrx_word' id='word_1_24' title='bbox 1843 798 2059 862; x_wconf 86' lang='lat' dir='ltr'><strong>meriti</strong></span> <span class='ocrx_word' id='word_1_25' title='bbox 2124 808 2228 860; x_wconf 93' lang='lat' dir='ltr'><strong>est</strong></span> <span class='ocrx_word' id='word_1_26' title='bbox 2285 798 2458 881; x_wconf 84' lang='lat' dir='ltr'><strong>apud</strong></span> 
     </span>
     <span class='ocr_line' id='line_1_5' title="bbox 467 895 2460 992; baseline 0.007 -29"><span class='ocrx_word' id='word_1_27' title='bbox 467 895 707 963; x_wconf 87' lang='lat' dir='ltr'><strong>Deum.</strong></span> <span class='ocrx_word' id='word_1_28' title='bbox 795 898 902 962; x_wconf 89' lang='lat' dir='ltr'><strong>De</strong></span> <span class='ocrx_word' id='word_1_29' title='bbox 943 921 1024 963; x_wconf 87' lang='lat' dir='ltr'><strong>ea</strong></span> <span class='ocrx_word' id='word_1_30' title='bbox 1068 922 1259 980; x_wconf 86' lang='lat' dir='ltr'><strong>vero,</strong></span> <span class='ocrx_word' id='word_1_31' title='bbox 1306 925 1471 986; x_wconf 89' lang='lat' dir='ltr'><strong>quae</strong></span> <span class='ocrx_word' id='word_1_32' title='bbox 1513 903 1592 969; x_wconf 92' lang='lat' dir='ltr'><strong>fit</strong></span> <span class='ocrx_word' id='word_1_33' title='bbox 1634 897 1725 971; x_wconf 57' lang='lat' dir='ltr'><strong>ex&#39;</strong></span> <span class='ocrx_word' id='word_1_34' title='bbox 1765 907 2117 992; x_wconf 80' lang='lat' dir='ltr'>dilectione</span> <span class='ocrx_word' id='word_1_35' title='bbox 2159 909 2326 988; x_wconf 90' lang='lat' dir='ltr'><strong>Dei,</strong></span> <span class='ocrx_word' id='word_1_36' title='bbox 2373 932 2460 976; x_wconf 85' lang='lat' dir='ltr'><strong>ex</strong></span> 
     </span>
     <span class='ocr_line' id='line_1_6' title="bbox 470 1012 2458 1106; baseline 0.009 -34"><span class='ocrx_word' id='word_1_37' title='bbox 470 1029 692 1073; x_wconf 88' lang='lat' dir='ltr'><strong>amore</strong></span> <span class='ocrx_word' id='word_1_38' title='bbox 750 1012 1075 1092; x_wconf 82' lang='lat' dir='ltr'><strong>iustitiae,</strong></span> <span class='ocrx_word' id='word_1_39' title='bbox 1145 1015 1385 1080; x_wconf 88' lang='lat' dir='ltr'><strong>dictum</strong></span> <span class='ocrx_word' id='word_1_40' title='bbox 1437 1030 1542 1081; x_wconf 87' lang='lat' dir='ltr'><strong>est</strong></span> <span class='ocrx_word' id='word_1_41' title='bbox 1606 1022 1801 1084; x_wconf 82' lang='lat' dir='ltr'><strong>etiam</strong></span> <span class='ocrx_word' id='word_1_42' title='bbox 1854 1044 1973 1103; x_wconf 91' lang='lat' dir='ltr'><strong>per</strong></span> <span class='ocrx_word' id='word_1_43' title='bbox 2037 1021 2458 1106; x_wconf 78' lang='lat' dir='ltr'><strong>prophetam:</strong></span> 
     </span>
     <span class='ocr_line' id='line_1_7' title="bbox 466 1122 2457 1215; baseline 0.007 -31"><span class='ocrx_word' id='word_1_44' title='bbox 466 1123 538 1184; x_wconf 87' lang='lat' dir='ltr'><strong>in</strong></span> <span class='ocrx_word' id='word_1_45' title='bbox 614 1144 994 1206; x_wconf 86' lang='lat' dir='ltr'><strong>quacunque</strong></span> <span class='ocrx_word' id='word_1_46' title='bbox 1061 1122 1247 1207; x_wconf 40' lang='lat' dir='ltr'><strong>hora,</strong></span> <span class='ocrx_word' id='word_1_47' title='bbox 1288 1126 1646 1194; x_wconf 68' lang='lat' dir='ltr'><strong>conversus</strong></span> <span class='ocrx_word' id='word_1_48' title='bbox 1706 1130 1909 1196; x_wconf 88' lang='lat' dir='ltr'><strong>fuerit</strong></span> <span class='ocrx_word' id='word_1_49' title='bbox 1967 1147 2273 1215; x_wconf 86' lang='lat' dir='ltr'><strong>peccator</strong></span> <span class='ocrx_word' id='word_1_50' title='bbox 2327 1144 2457 1199; x_wconf 86' lang='lat' dir='ltr'><strong>etc.</strong></span> 
     </span>
     <span class='ocr_line' id='line_1_8' title="bbox 386 1230 2457 1326; baseline 0.005 -27"><span class='ocrx_word' id='word_1_51' title='bbox 386 1244 396 1261; x_wconf 90' lang='grc'><em>“</em></span> <span class='ocrx_word' id='word_1_52' title='bbox 470 1230 686 1315; x_wconf 87' lang='lat' dir='ltr'><strong>Nota,</strong></span> <span class='ocrx_word' id='word_1_53' title='bbox 748 1237 920 1319; x_wconf 86' lang='lat' dir='ltr'><strong>quod</strong></span> <span class='ocrx_word' id='word_1_54' title='bbox 978 1257 1124 1300; x_wconf 77' lang='lat' dir='ltr'><strong>non·</strong></span> <span class='ocrx_word' id='word_1_55' title='bbox 1166 1238 1368 1319; x_wconf 82' lang='lat' dir='ltr'><strong>dixit,</strong></span> <span class='ocrx_word' id='word_1_56' title='bbox 1433 1240 1541 1305; x_wconf 88' lang='lat' dir='ltr'><strong>die</strong></span> <span class='ocrx_word' id='word_1_57' title='bbox 1617 1241 1724 1306; x_wconf 89' lang='lat' dir='ltr'><strong>vel</strong></span> <span class='ocrx_word' id='word_1_58' title='bbox 1784 1264 2009 1310; x_wconf 86' lang='lat' dir='ltr'><strong>mense</strong></span> <span class='ocrx_word' id='word_1_59' title='bbox 2079 1246 2193 1312; x_wconf 83' lang='lat' dir='ltr'><strong>vel</strong></span> <span class='ocrx_word' id='word_1_60' title='bbox 2246 1267 2457 1326; x_wconf 90' lang='lat' dir='ltr'><strong>anno,</strong></span> 
     </span>
     <span class='ocr_line' id='line_1_9' title="bbox 468 1348 2458 1442; baseline 0.006 -31"><span class='ocrx_word' id='word_1_61' title='bbox 468 1350 624 1431; x_wconf 85' lang='lat' dir='ltr'><strong>quia</strong></span> <span class='ocrx_word' id='word_1_62' title='bbox 669 1369 810 1413; x_wconf 91' lang='lat' dir='ltr'><strong>cum</strong></span> <span class='ocrx_word' id='word_1_63' title='bbox 856 1348 1004 1414; x_wconf 91' lang='lat' dir='ltr'><strong>Deo</strong></span> <span class='ocrx_word' id='word_1_64' title='bbox 1060 1349 1229 1417; x_wconf 89' lang='lat' dir='ltr'><strong>nihil</strong></span> <span class='ocrx_word' id='word_1_65' title='bbox 1285 1353 1539 1421; x_wconf 84' lang='lat' dir='ltr'><strong>tardum</strong></span> <span class='ocrx_word' id='word_1_66' title='bbox 1596 1355 1685 1418; x_wconf 88' lang='lat' dir='ltr'><strong>sit</strong></span> <span class='ocrx_word' id='word_1_67' title='bbox 1737 1355 1850 1421; x_wconf 83' lang='lat' dir='ltr'><strong>vel</strong></span> <span class='ocrx_word' id='word_1_68' title='bbox 1911 1356 2189 1437; x_wconf 85' lang='lat' dir='ltr'><strong>absens,</strong></span> <span class='ocrx_word' id='word_1_69' title='bbox 2249 1379 2458 1442; x_wconf 85' lang='lat' dir='ltr'><strong>quan·</strong></span> 
     </span>
     <span class='ocr_line' id='line_1_10' title="bbox 469 1460 2455 1554; baseline 0.006 -31"><span class='ocrx_word' id='word_1_70' title='bbox 469 1463 680 1525; x_wconf 89' lang='lat' dir='ltr'><strong>tocius</strong></span> <span class='ocrx_word' id='word_1_71' title='bbox 722 1460 959 1546; x_wconf 86' lang='lat' dir='ltr'><strong>aliquis</strong></span> <span class='ocrx_word' id='word_1_72' title='bbox 999 1485 1157 1528; x_wconf 83' lang='lat' dir='ltr'><strong>vere</strong></span> <span class='ocrx_word' id='word_1_73' title='bbox 1197 1469 1527 1548; x_wconf 88' lang='lat' dir='ltr'><strong>poenitet,</strong></span> <span class='ocrx_word' id='word_1_74' title='bbox 1594 1471 1915 1535; x_wconf 74' lang='lat' dir='ltr'><strong>tantocius</strong></span> <span class='ocrx_word' id='word_1_75' title='bbox 1960 1484 2027 1534; x_wconf 94' lang='lat' dir='ltr'><strong>et</strong></span> <span class='ocrx_word' id='word_1_76' title='bbox 2066 1472 2210 1553; x_wconf 84' lang='lat' dir='ltr'><strong>ipse</strong></span> <span class='ocrx_word' id='word_1_77' title='bbox 2263 1492 2455 1554; x_wconf 84' lang='lat' dir='ltr'><strong>prae-</strong></span> 
     </span>
     <span class='ocr_line' id='line_1_11' title="bbox 467 1572 2457 1662; baseline 0.005 -24"><span class='ocrx_word' id='word_1_78' title='bbox 467 1594 620 1639; x_wconf 89' lang='lat' dir='ltr'><strong>sens</strong></span> <span class='ocrx_word' id='word_1_79' title='bbox 663 1576 958 1640; x_wconf 82' lang='lat' dir='ltr'><strong>remittit.</strong></span> <span class='ocrx_word' id='word_1_80' title='bbox 1040 1572 1235 1640; x_wconf 89' lang='lat' dir='ltr'><strong>Unde</strong></span> <span class='ocrx_word' id='word_1_81' title='bbox 1285 1590 1351 1642; x_wconf 85' lang='lat' dir='ltr'><strong>et</strong></span> <span class='ocrx_word' id='word_1_82' title='bbox 1395 1577 1646 1647; x_wconf 85' lang='lat' dir='ltr'><strong>David:</strong></span> <span class='ocrx_word' id='word_1_83' title='bbox 1713 1581 1890 1662; x_wconf 85' lang='lat' dir='ltr'><strong>dixi,</strong></span> <span class='ocrx_word' id='word_1_84' title='bbox 1934 1582 2296 1648; x_wconf 87' lang='lat' dir='ltr'><strong>confitebor</strong></span> <span class='ocrx_word' id='word_1_85' title='bbox 2339 1584 2457 1647; x_wconf 86' lang='lat' dir='ltr'><strong>ad·</strong></span> 
     </span>
     <span class='ocr_line' id='line_1_12' title="bbox 467 1686 2454 1774; baseline 0.004 -23"><span class='ocrx_word' id='word_1_86' title='bbox 467 1709 728 1753; x_wconf 86' lang='lat' dir='ltr'><strong>versum</strong></span> <span class='ocrx_word' id='word_1_87' title='bbox 769 1710 874 1753; x_wconf 87' lang='lat' dir='ltr'><strong>me</strong></span> <span class='ocrx_word' id='word_1_88' title='bbox 913 1686 1297 1753; x_wconf 84' lang='lat' dir='ltr'><strong>iniustitiam</strong></span> <span class='ocrx_word' id='word_1_89' title='bbox 1339 1711 1555 1754; x_wconf 89' lang='lat' dir='ltr'><strong>meam</strong></span> <span class='ocrx_word' id='word_1_90' title='bbox 1594 1690 1919 1772; x_wconf 86' lang='lat' dir='ltr'><strong>Domino,</strong></span> <span class='ocrx_word' id='word_1_91' title='bbox 1974 1695 2044 1758; x_wconf 91' lang='lat' dir='ltr'><strong>id</strong></span> <span class='ocrx_word' id='word_1_92' title='bbox 2087 1705 2223 1774; x_wconf 88' lang='lat' dir='ltr'><strong>est,</strong></span> <span class='ocrx_word' id='word_1_93' title='bbox 2287 1695 2454 1759; x_wconf 87' lang='lat' dir='ltr'><strong>deli-</strong></span> 
     </span>
     <span class='ocr_line' id='line_1_13' title="bbox 465 1800 2453 1891; baseline 0.004 -25"><span class='ocrx_word' id='word_1_94' title='bbox 465 1800 696 1866; x_wconf 79' lang='lat' dir='ltr'><strong>beravi</strong></span> <span class='ocrx_word' id='word_1_95' title='bbox 747 1805 816 1869; x_wconf 90' lang='lat' dir='ltr'><strong>in</strong></span> <span class='ocrx_word' id='word_1_96' title='bbox 872 1804 1068 1867; x_wconf 89' lang='lat' dir='ltr'><strong>corde</strong></span> <span class='ocrx_word' id='word_1_97' title='bbox 1109 1825 1256 1867; x_wconf 89' lang='lat' dir='ltr'><strong>meo</strong></span> <span class='ocrx_word' id='word_1_98' title='bbox 1301 1803 1468 1868; x_wconf 86' lang='lat' dir='ltr'><strong>illud</strong></span> <span class='ocrx_word' id='word_1_99' title='bbox 1509 1805 1681 1890; x_wconf 81' lang='lat' dir='ltr'><strong>qnod</strong></span> <span class='ocrx_word' id='word_1_100' title='bbox 1725 1809 2195 1891; x_wconf 83' lang='lat' dir='ltr'><strong>contemnendo</strong></span> <span class='ocrx_word' id='word_1_101' title='bbox 2235 1804 2453 1873; x_wconf 85' lang='lat' dir='ltr'><strong>Deum</strong></span> 
     </span>
     <span class='ocr_line' id='line_1_14' title="bbox 466 1912 2456 2002; baseline 0.003 -23"><span class='ocrx_word' id='word_1_102' title='bbox 466 1915 636 1994; x_wconf 87' lang='lat' dir='ltr'><strong>feci,</strong></span> <span class='ocrx_word' id='word_1_103' title='bbox 694 1912 1241 1999; x_wconf 79' lang='lat' dir='ltr'><strong>mibidisplic&#39;ere</strong></span> <span class='ocrx_word' id='word_1_104' title='bbox 1285 1929 1548 1999; x_wconf 90' lang='lat' dir='ltr'><strong>propter</strong></span> <span class='ocrx_word' id='word_1_105' title='bbox 1592 1917 1828 1984; x_wconf 85' lang='lat' dir='ltr'><strong>Deum.</strong></span> <span class='ocrx_word' id='word_1_106' title='bbox 1915 1919 2289 2002; x_wconf 82' lang='lat' dir='ltr'><strong>Promptum</strong></span> <span class='ocrx_word' id='word_1_107' title='bbox 2348 1936 2456 1984; x_wconf 88' lang='lat' dir='ltr'><strong>est</strong></span> 
     </span>
     <span class='ocr_line' id='line_1_15' title="bbox 465 2030 2453 2115; baseline 0.002 -23"><span class='ocrx_word' id='word_1_108' title='bbox 465 2030 668 2115; x_wconf 84' lang='lat' dir='ltr'><strong>igitur</strong></span> <span class='ocrx_word' id='word_1_109' title='bbox 722 2040 789 2093; x_wconf 90' lang='lat' dir='ltr'><strong>et</strong></span> <span class='ocrx_word' id='word_1_110' title='bbox 843 2030 1297 2109; x_wconf 88' lang='lat' dir='ltr'><strong>manifestum,</strong></span> <span class='ocrx_word' id='word_1_111' title='bbox 1355 2033 1532 2114; x_wconf 89' lang='lat' dir='ltr'><strong>qnod</strong></span> <span class='ocrx_word' id='word_1_112' title='bbox 1573 2053 1655 2096; x_wconf 82' lang='lat' dir='ltr'><strong>ex</strong></span> <span class='ocrx_word' id='word_1_113' title='bbox 1713 2053 1840 2115; x_wconf 83' lang='lat' dir='ltr'><strong>qno</strong></span> <span class='ocrx_word' id='word_1_114' title='bbox 1886 2032 2123 2115; x_wconf 86' lang='lat' dir='ltr'><strong>aliquis</strong></span> <span class='ocrx_word' id='word_1_115' title='bbox 2164 2052 2323 2096; x_wconf 83' lang='lat' dir='ltr'><strong>vere</strong></span> <span class='ocrx_word' id='word_1_116' title='bbox 2368 2031 2453 2095; x_wconf 85' lang='lat' dir='ltr'><strong>de</strong></span> 
     </span>
     <span class='ocr_line' id='line_1_16' title="bbox 465 2141 2449 2228; baseline 0.002 -24"><span class='ocrx_word' id='word_1_117' title='bbox 465 2153 733 2224; x_wconf 89' lang='lat' dir='ltr'><strong>peccato</strong></span> <span class='ocrx_word' id='word_1_118' title='bbox 778 2145 981 2228; x_wconf 82' lang='lat' dir='ltr'><strong>gemit</strong></span> <span class='ocrx_word' id='word_1_119' title='bbox 1038 2145 1247 2225; x_wconf 89' lang='lat' dir='ltr'><strong>ipsum</strong></span> <span class='ocrx_word' id='word_1_120' title='bbox 1302 2142 1432 2207; x_wconf 80' lang='lat' dir='ltr'><strong>sibi</strong></span> <span class='ocrx_word' id='word_1_121' title='bbox 1476 2165 1516 2208; x_wconf 89' lang='lat' dir='ltr'><strong>a</strong></span> <span class='ocrx_word' id='word_1_122' title='bbox 1558 2143 1706 2208; x_wconf 91' lang='lat' dir='ltr'><strong>Deo</strong></span> <span class='ocrx_word' id='word_1_123' title='bbox 1753 2145 2012 2209; x_wconf 86' lang='lat' dir='ltr'><strong>dimitti.</strong></span> <span class='ocrx_word' id='word_1_124' title='bbox 2096 2141 2248 2210; x_wconf 88' lang='lat' dir='ltr'><strong>Non</strong></span> <span class='ocrx_word' id='word_1_125' title='bbox 2289 2164 2449 2208; x_wconf 83' lang='lat' dir='ltr'><strong>vero</strong></span> 
     </span>
     <span class='ocr_line' id='line_1_17' title="bbox 468 2250 2450 2344; baseline 0.004 -29"><span class='ocrx_word' id='word_1_126' title='bbox 468 2250 645 2317; x_wconf 88' lang='lat' dir='ltr'><strong>aliud</strong></span> <span class='ocrx_word' id='word_1_127' title='bbox 697 2265 800 2317; x_wconf 89' lang='lat' dir='ltr'><strong>est</strong></span> <span class='ocrx_word' id='word_1_128' title='bbox 844 2252 1058 2318; x_wconf 88' lang='lat' dir='ltr'><strong>Deum</strong></span> <span class='ocrx_word' id='word_1_129' title='bbox 1119 2267 1391 2337; x_wconf 89' lang='lat' dir='ltr'><strong>peccata</strong></span> <span class='ocrx_word' id='word_1_130' title='bbox 1445 2256 1806 2337; x_wconf 79' lang='lat' dir='ltr'><strong>dimittere,</strong></span> <span class='ocrx_word' id='word_1_131' title='bbox 1867 2277 2059 2344; x_wconf 83' lang='lat' dir='ltr'><strong>qnam</strong></span> <span class='ocrx_word' id='word_1_132' title='bbox 2115 2267 2450 2323; x_wconf 83' lang='lat' dir='ltr'><strong>aeternam</strong></span> 
     </span>
     <span class='ocr_line' id='line_1_18' title="bbox 465 2370 1793 2455; baseline 0.008 -28"><span class='ocrx_word' id='word_1_133' title='bbox 465 2384 746 2448; x_wconf 76' lang='lat' dir='ltr'><strong>poenam</strong></span> <span class='ocrx_word' id='word_1_134' title='bbox 786 2389 902 2454; x_wconf 88' lang='lat' dir='ltr'><strong>pro</strong></span> <span class='ocrx_word' id='word_1_135' title='bbox 946 2371 1089 2455; x_wconf 86' lang='lat' dir='ltr'><strong>ipso</strong></span> <span class='ocrx_word' id='word_1_136' title='bbox 1136 2370 1420 2437; x_wconf 83' lang='lat' dir='ltr'><strong>debitam</strong></span> <span class='ocrx_word' id='word_1_137' title='bbox 1464 2370 1793 2438; x_wconf 52' lang='lat' dir='ltr'><strong>relaxare,</strong></span> 
     </span>
    </p>
   </div>
   <div class='ocr_carea' id='block_1_3' title="bbox 1173 2643 1748 2732">
    <p class='ocr_par' dir='ltr' id='par_1_3' title="bbox 1173 2643 1748 2732">
     <span class='ocr_line' id='line_1_19' title="bbox 1173 2643 1748 2732; baseline 0 -17"><span class='ocrx_word' id='word_1_138' title='bbox 1173 2643 1382 2732; x_wconf 85' lang='lat' dir='ltr'><strong>Caput</strong></span> <span class='ocrx_word' id='word_1_139' title='bbox 1421 2645 1748 2717; x_wconf 85' lang='lat' dir='ltr'><strong>XXXVI.</strong></span> 
     </span>
    </p>
   </div>
   <div class='ocr_carea' id='block_1_4' title="bbox 1018 2769 1904 2862">
    <p class='ocr_par' dir='ltr' id='par_1_4' title="bbox 1018 2769 1904 2862">
     <span class='ocr_line' id='line_1_20' title="bbox 1018 2769 1904 2862; baseline -0.002 -23"><span class='ocrx_word' id='word_1_140' title='bbox 1018 2783 1110 2839; x_wconf 79' lang='lat' dir='ltr'><strong>De</strong></span> <span class='ocrx_word' id='word_1_141' title='bbox 1143 2769 1493 2862; x_wconf 80' lang='lat' dir='ltr'><strong>confessione</strong></span> <span class='ocrx_word' id='word_1_142' title='bbox 1526 2790 1904 2856; x_wconf 81' lang='lat' dir='ltr'><strong>peccatorum.</strong></span> 
     </span>
    </p>
   </div>
   <div class='ocr_carea' id='block_1_5' title="bbox 463 2925 2540 4144">
    <p class='ocr_par' dir='ltr' id='par_1_5' title="bbox 463 2925 2540 4144">
     <span class='ocr_line' id='line_1_21' title="bbox 633 2925 2451 3012; baseline -0.002 -18"><span class='ocrx_word' id='word_1_143' title='bbox 633 2928 742 2994; x_wconf 84' lang='lat' dir='ltr'><strong>De</strong></span> <span class='ocrx_word' id='word_1_144' title='bbox 787 2926 1205 2994; x_wconf 85' lang='lat' dir='ltr'><strong>confessione</strong></span> <span class='ocrx_word' id='word_1_145' title='bbox 1262 2948 1517 3012; x_wconf 87' lang='lat' dir='ltr'><strong>quoqne</strong></span> <span class='ocrx_word' id='word_1_146' title='bbox 1576 2929 1950 3007; x_wconf 86' lang='lat' dir='ltr'><strong>sciendum,</strong></span> <span class='ocrx_word' id='word_1_147' title='bbox 2017 2925 2190 3011; x_wconf 84' lang='lat' dir='ltr'><strong>qnod</strong></span> <span class='ocrx_word' id='word_1_148' title='bbox 2251 2925 2451 2998; x_wconf 77' lang='lat' dir='ltr'><strong>valde</strong></span> 
     </span>
     <span class='ocr_line' id='line_1_22' title="bbox 469 3029 2540 3130; baseline -0.001 -25"><span class='ocrx_word' id='word_1_149' title='bbox 469 3052 572 3130; x_wconf 81' lang='lat' dir='ltr'><strong>est</strong></span> <span class='ocrx_word' id='word_1_150' title='bbox 610 3041 819 3105; x_wconf 80' lang='lat' dir='ltr'><strong>utilis.</strong></span> <span class='ocrx_word' id='word_1_151' title='bbox 903 3040 1007 3106; x_wconf 88' lang='lat' dir='ltr'><strong>Ad</strong></span> <span class='ocrx_word' id='word_1_152' title='bbox 1055 3042 1373 3124; x_wconf 82' lang='lat' dir='ltr'><strong>majorem</strong></span> <span class='ocrx_word' id='word_1_153' title='bbox 1433 3029 1752 3123; x_wconf 81' lang='lat' dir='ltr'><strong>siquidem</strong></span> <span class='ocrx_word' id='word_1_154' title='bbox 1810 3037 2195 3103; x_wconf 82' lang='lat' dir='ltr'><strong>humilitatis</strong></span> <span class='ocrx_word' id='word_1_155' title='bbox 2259 3039 2448 3105; x_wconf 83' lang='lat' dir='ltr'><strong>exbi—</strong></span> <span class='ocrx_word' id='word_1_156' title='bbox 2533 3122 2540 3130; x_wconf 19' lang='grc' dir='ltr'><strong><em>κ</em></strong></span> 
     </span>
     <span class='ocr_line' id='line_1_23' title="bbox 466 3148 2449 3217; baseline 0 -1"><span class='ocrx_word' id='word_1_157' title='bbox 466 3151 781 3217; x_wconf 89' lang='lat' dir='ltr'><strong>bitionem</strong></span> <span class='ocrx_word' id='word_1_158' title='bbox 823 3154 1121 3217; x_wconf 86' lang='lat' dir='ltr'><strong>instituta</strong></span> <span class='ocrx_word' id='word_1_159' title='bbox 1151 3162 1277 3215; x_wconf 85' lang='lat' dir='ltr'><strong>est.</strong></span> <span class='ocrx_word' id='word_1_160' title='bbox 1346 3149 1573 3216; x_wconf 82' lang='lat' dir='ltr'><strong>Unde:</strong></span> <span class='ocrx_word' id='word_1_161' title='bbox 1616 3150 2017 3215; x_wconf 83' lang='lat' dir='ltr'><strong>confitemini</strong></span> <span class='ocrx_word' id='word_1_162' title='bbox 2062 3148 2449 3216; x_wconf 84' lang='lat' dir='ltr'><strong>alterutrum</strong></span> 
     </span>
     <span class='ocr_line' id='line_1_24' title="bbox 465 3260 2449 3350; baseline -0.001 -22"><span class='ocrx_word' id='word_1_163' title='bbox 465 3278 739 3350; x_wconf 85' lang='lat' dir='ltr'><strong>peccata</strong></span> <span class='ocrx_word' id='word_1_164' title='bbox 795 3277 1040 3327; x_wconf 86' lang='lat' dir='ltr'><strong>vestra.</strong></span> <span class='ocrx_word' id='word_1_165' title='bbox 1127 3260 1315 3327; x_wconf 89' lang='lat' dir='ltr'><strong>Cum·</strong></span> <span class='ocrx_word' id='word_1_166' title='bbox 1347 3263 1523 3325; x_wconf 88' lang='lat' dir='ltr'><strong>enim</strong></span> <span class='ocrx_word' id='word_1_167' title='bbox 1575 3260 1646 3325; x_wconf 90' lang='lat' dir='ltr'><strong>in</strong></span> <span class='ocrx_word' id='word_1_168' title='bbox 1710 3282 1832 3326; x_wconf 82' lang='lat' dir='ltr'><strong>sua</strong></span> <span class='ocrx_word' id='word_1_169' title='bbox 1881 3272 2208 3344; x_wconf 77' lang='lat' dir='ltr'><strong>potestate</strong></span> <span class='ocrx_word' id='word_1_170' title='bbox 2249 3260 2449 3328; x_wconf 88' lang='lat' dir='ltr'><strong>homo</strong></span> 
     </span>
     <span class='ocr_line' id='line_1_25' title="bbox 466 3376 2448 3468; baseline 0.002 -28"><span class='ocrx_word' id='word_1_171' title='bbox 466 3380 717 3461; x_wconf 84' lang='lat' dir='ltr'><strong>positus</strong></span> <span class='ocrx_word' id='word_1_172' title='bbox 759 3400 800 3442; x_wconf 87' lang='lat' dir='ltr'><strong>a</strong></span> <span class='ocrx_word' id='word_1_173' title='bbox 842 3376 990 3442; x_wconf 90' lang='lat' dir='ltr'><strong>Deo</strong></span> <span class='ocrx_word' id='word_1_174' title='bbox 1035 3376 1448 3456; x_wconf 80' lang='lat' dir='ltr'><strong>discesserit,</strong></span> <span class='ocrx_word' id='word_1_175' title='bbox 1493 3378 1889 3441; x_wconf 81' lang='lat' dir='ltr'><strong>conveniens</strong></span> <span class='ocrx_word' id='word_1_176' title='bbox 1934 3387 2115 3455; x_wconf 83' lang='lat' dir='ltr'><strong>erat,</strong></span> <span class='ocrx_word' id='word_1_177' title='bbox 2157 3388 2231 3440; x_wconf 89' lang='lat' dir='ltr'><strong>ut</strong></span> <span class='ocrx_word' id='word_1_178' title='bbox 2271 3378 2448 3468; x_wconf 83' lang='lat' dir='ltr'><strong>idem</strong></span> 
     </span>
     <span class='ocr_line' id='line_1_26' title="bbox 467 3487 2446 3574; baseline 0 -19"><span class='ocrx_word' id='word_1_179' title='bbox 467 3490 589 3556; x_wconf 85' lang='lat' dir='ltr'><strong>sub</strong></span> <span class='ocrx_word' id='word_1_180' title='bbox 633 3489 767 3554; x_wconf 86' lang='lat' dir='ltr'><strong>alio</strong></span> <span class='ocrx_word' id='word_1_181' title='bbox 811 3492 1059 3574; x_wconf 88' lang='lat' dir='ltr'><strong>positus</strong></span> <span class='ocrx_word' id='word_1_182' title='bbox 1103 3512 1244 3554; x_wconf 88' lang='lat' dir='ltr'><strong>cnm</strong></span> <span class='ocrx_word' id='word_1_183' title='bbox 1292 3487 1661 3554; x_wconf 85' lang='lat' dir='ltr'><strong>humilitate</strong></span> <span class='ocrx_word' id='word_1_184' title='bbox 1705 3500 1773 3553; x_wconf 85' lang='lat' dir='ltr'><strong>et</strong></span> <span class='ocrx_word' id='word_1_185' title='bbox 1799 3489 2148 3553; x_wconf 86' lang='lat' dir='ltr'><strong>devotione</strong></span> <span class='ocrx_word' id='word_1_186' title='bbox 2174 3488 2446 3555; x_wconf 86' lang='lat' dir='ltr'><strong>rediret.</strong></span> 
     </span>
     <span class='ocr_line' id='line_1_27' title="bbox 463 3593 2451 3688; baseline -0.001 -19"><span class='ocrx_word' id='word_1_187' title='bbox 463 3603 754 3688; x_wconf 85' lang='lat' dir='ltr'><strong>Ideoque</strong></span> <span class='ocrx_word' id='word_1_188' title='bbox 810 3605 1095 3668; x_wconf 82' lang='lat' dir='ltr'><strong>instituit</strong></span> <span class='ocrx_word' id='word_1_189' title='bbox 1134 3602 1320 3668; x_wconf 88' lang='lat' dir='ltr'><strong>Deus</strong></span> <span class='ocrx_word' id='word_1_190' title='bbox 1369 3593 1788 3668; x_wconf 76' lang='lat' dir='ltr'><strong>sacerdotem</strong></span> <span class='ocrx_word' id='word_1_191' title='bbox 1850 3604 1954 3668; x_wconf 79' lang='lat' dir='ltr'><strong>sui</strong></span> <span class='ocrx_word' id='word_1_192' title='bbox 1994 3601 2310 3668; x_wconf 83' lang='lat' dir='ltr'><strong>vicarium</strong></span> <span class='ocrx_word' id='word_1_193' title='bbox 2379 3613 2451 3668; x_wconf 82' lang='lat' dir='ltr'><strong>et</strong></span> 
     </span>
     <span class='ocr_line' id='line_1_28' title="bbox 464 3713 2451 3816; baseline 0.001 -36"><span class='ocrx_word' id='word_1_194' title='bbox 464 3719 656 3816; x_wconf 69' lang='lat' dir='ltr'><strong>quasi</strong></span> <span class='ocrx_word' id='word_1_195' title='bbox 712 3716 1075 3808; x_wconf 70' lang='lat' dir='ltr'><strong>⁴medicum,</strong></span> <span class='ocrx_word' id='word_1_196' title='bbox 1139 3717 1243 3779; x_wconf 90' lang='lat' dir='ltr'><strong>cui</strong></span> <span class='ocrx_word' id='word_1_197' title='bbox 1284 3720 1465 3794; x_wconf 84' lang='lat' dir='ltr'><strong>(sua)</strong></span> <span class='ocrx_word' id='word_1_198' title='bbox 1506 3725 1782 3796; x_wconf 84' lang='lat' dir='ltr'><strong>peccata</strong></span> <span class='ocrx_word' id='word_1_199' title='bbox 1822 3715 2011 3798; x_wconf 83' lang='lat' dir='ltr'><strong>quasi</strong></span> <span class='ocrx_word' id='word_1_200' title='bbox 2049 3713 2328 3780; x_wconf 84' lang='lat' dir='ltr'><strong>vulnera</strong></span> <span class='ocrx_word' id='word_1_201' title='bbox 2363 3714 2451 3781; x_wconf 83' lang='lat' dir='ltr'><strong>ad</strong></span> 
     </span>
     <span class='ocr_line' id='line_1_29' title="bbox 468 3819 2448 3913; baseline -0.002 -20"><span class='ocrx_word' id='word_1_202' title='bbox 468 3819 829 3893; x_wconf 80' lang='lat' dir='ltr'><strong>sanandum</strong></span> <span class='ocrx_word' id='word_1_203' title='bbox 885 3826 1387 3913; x_wconf 83' lang='lat' dir='ltr'><strong>delegarentur,</strong></span> <span class='ocrx_word' id='word_1_204' title='bbox 1445 3838 1523 3892; x_wconf 88' lang='lat' dir='ltr'><strong>ut</strong></span> <span class='ocrx_word' id='word_1_205' title='bbox 1575 3847 1709 3891; x_wconf 91' lang='lat' dir='ltr'><strong>non</strong></span> <span class='ocrx_word' id='word_1_206' title='bbox 1766 3847 1809 3890; x_wconf 86' lang='lat' dir='ltr'><strong>a</strong></span> <span class='ocrx_word' id='word_1_207' title='bbox 1862 3845 1937 3890; x_wconf 82' lang='lat' dir='ltr'><strong>se</strong></span> <span class='ocrx_word' id='word_1_208' title='bbox 2004 3826 2125 3890; x_wconf 78' lang='lat' dir='ltr'><strong>sed</strong></span> <span class='ocrx_word' id='word_1_209' title='bbox 2179 3825 2263 3892; x_wconf 86' lang='lat' dir='ltr'><strong>ab</strong></span> <span class='ocrx_word' id='word_1_210' title='bbox 2307 3824 2448 3892; x_wconf 87' lang='lat' dir='ltr'><strong>alio·</strong></span> 
     </span>
     <span class='ocr_line' id='line_1_30' title="bbox 467 3937 2448 4029; baseline -0.003 -21"><span class='ocrx_word' id='word_1_211' title='bbox 467 3945 740 4029; x_wconf 83' lang='lat' dir='ltr'><strong>majoris</strong></span> <span class='ocrx_word' id='word_1_212' title='bbox 782 3940 1160 4007; x_wconf 71' lang='lat' dir='ltr'><strong>humilitatis</strong></span> <span class='ocrx_word' id='word_1_213' title='bbox 1207 3961 1407 4007; x_wconf 76' lang='lat' dir='ltr'><strong>cansa</strong></span> <span class='ocrx_word' id='word_1_214' title='bbox 1451 3940 1714 4007; x_wconf 88' lang='lat' dir='ltr'><strong>modum</strong></span> <span class='ocrx_word' id='word_1_215' title='bbox 1754 3937 2230 4006; x_wconf 80' lang='lat' dir='ltr'><strong>satisfactionis</strong></span> <span class='ocrx_word' id='word_1_216' title='bbox 2271 3941 2448 4005; x_wconf 86' lang='lat' dir='ltr'><strong>acci·</strong></span> 
     </span>
     <span class='ocr_line' id='line_1_31' title="bbox 467 4051 2448 4144; baseline 0 -23"><span class='ocrx_word' id='word_1_217' title='bbox 467 4058 629 4142; x_wconf 75' lang='lat' dir='ltr'><strong>piat.</strong></span> <span class='ocrx_word' id='word_1_218' title='bbox 713 4052 1090 4124; x_wconf 78' lang='lat' dir='ltr'><strong>Notandum</strong></span> <span class='ocrx_word' id='word_1_219' title='bbox 1122 4066 1344 4124; x_wconf 81' lang='lat' dir='ltr'><strong>tamon</strong></span> <span class='ocrx_word' id='word_1_220' title='bbox 1363 4100 1388 4139; x_wconf 89' lang='lat'><strong>,</strong></span> <span class='ocrx_word' id='word_1_221' title='bbox 1434 4055 1668 4144; x_wconf 77' lang='lat' dir='ltr'><strong>quodsi</strong></span> <span class='ocrx_word' id='word_1_222' title='bbox 1708 4051 1989 4124; x_wconf 73' lang='lat' dir='ltr'><strong>articulo</strong></span> <span class='ocrx_word' id='word_1_223' title='bbox 2029 4055 2448 4123; x_wconf 72' lang='lat' dir='ltr'><strong>necessitati·</strong></span> 
     </span>
    </p>
   </div>
  </div>
 </body>
</html>
