2842 4800
2239 380 2319 453 Φ

1154 546 1366 632 Caput
1408 546 1493 614 V.

326 666 475 735 Quid
509 662 635 738 ipse
669 663 874 718 sentiet
907 662 980 717 de
1014 662 1228 718 unitate
1261 678 1330 721 ac
1363 661 1632 747 trinitate,
1664 661 1908 719 ostendit
1941 669 2000 718 et
2022 661 2082 718 id
2101 662 2323 719 ration

469 768 528 817 et
559 761 897 816 auctoritate
933 759 1200 823 defendit.

498 879 648 944 Hac
693 891 909 942 autem
952 878 1107 942 fidei
1150 898 1400 941 summa
1448 878 1622 942 circa
1664 866 1983 942 unitatem
2027 900 2103 944 ac
2140 881 2325 945 trini·

328 1005 533 1058 tatem
579 995 864 1057 divinam
912 991 1199 1054 breviter
1239 993 1613 1073 proposita,
1671 990 1992 1074 reliquum
2053 1003 2191 1072 est,
2256 1004 2330 1056 ut

329 1107 647 1187 adversus
690 1106 1148 1188 inquisitiones
1193 1101 1627 1168 dubitantium
1676 1106 1979 1191 congruis
2022 1104 2328 1170 similitu-

333 1221 557 1286 dinum
602 1219 922 1301 exemplis
968 1240 1114 1282 eam
1160 1217 1588 1281 defendamus
1615 1228 1679 1279 et
1703 1230 2091 1293 astruamus.
2125 1212 2328 1291 Quid

335 1334 513 1396 enim
569 1332 650 1396 ad
713 1312 1073 1395 doctrinam
1132 1327 1316 1413 loqui
1374 1328 1665 1410 proficit,
1732 1332 1792 1393 si
1839 1331 2011 1427 quod
2055 1331 2330 1394 dicimus

336 1446 582 1526 exponi
627 1465 761 1508 non
805 1454 1061 1525 potest,
1107 1454 1179 1505 ut
1222 1441 1650 1527 intelligatur.
1742 1439 1934 1518 Quod
1982 1441 2336 1530 diligenter

337 1556 572 1622 beatus
616 1556 1057 1642 Augustinus,
1102 1575 1244 1619 cum
1289 1553 1747 1619 difficillimum
1789 1554 1977 1620 illum
2022 1555 2102 1620 de
2148 1556 2333 1619 trini-

337 1682 478 1735 tate
519 1669 737 1734 locum
781 1662 1117 1750 exponere'
1157 1666 1386 1745 vellet,
1433 1689 1559 1751 quo
1592 1668 2021 1754 Evangelista
2042 1668 2334 1734 Joannes
2394 1708 2424 1769 p

342 1804 625 1847 exorsus
691 1794 795 1845 est
853 1781 1114 1843 dicens:
1184 1778 1262 1843 In
1324 1782 1641 1863 principio
1686 1793 1811 1845 etc.
1872 1781 2036 1862 hoc,
2098 1783 2333 1866 inquit,
2439 1834 2455 1879 l,

341 1895 650 1971 animalis
696 1894 890 1959 homo
935 1916 1067 1958 non
1108 1896 1405 1977 percipit.
1498 1894 1675 1970 Quid
1704 1917 1886 1981 ergo,
1931 1895 2196 1974 fratreS,
2241 1898 2335 1960 si·-
2409 1892 2436 1977 j

340 2007 624 2074 lebimus
673 2008 837 2072 hoc?
929 2005 1149 2083 Quare
1192 2007 1521 2088 scribitur,
1570 2010 1632 2074 si
1671 2008 1931 2089 siletur,
1977 2023 2090 2074 aut
2132 2031 2333 2094 quare
2405 2000 2420 2055 '-

343 2125 628 2201 auditur,
674 2126 731 2186 si
779 2144 911 2186 non
958 2122 1345 2204 exponitur?
1389 2121 1511 2187 sed
1556 2134 1629 2186 nt
1672 2121 1823 2207 quid
1867 2123 2233 2205 exponitur,
2278 2124 2339 2186 si

345 2232 480 2302 non
523 2236 957 2322 intelligitur?
1058 2238 1344 2303 Primum
1404 2258 1563 2323 ergo
1635 2239 1824 2325 nobis
1885 2235 2340 2302 disserendum
2375 2212 2400 2265 ἶ

346 2350 671 2429 occurrit,
727 2349 880 2433 quid
933 2350 1060 2414 sibi
1119 2347 1281 2415 velit
1338 2352 1473 2415 ista
1531 2370 1955 2434 personarum
1999 2349 2336 2427 discretio,

345 2463 459 2529 vel
515 2465 850 2530 distinctio
915 2468 986 2530 in
1042 2487 1175 2529 una
1234 2477 1468 2530 natura
1504 2464 1925 2554 divinitatis,
1990 2475 2064 2527 ut:
2106 2463 2339 2528 eadem

348 2580 438 2643 sit
481 2591 689 2662 pater,
736 2579 968 2644 eadem
1010 2578 1229 2659 filius,
1277 2580 1508 2645 eadem
1550 2581 1814 2662 spiritus
1856 2588 2148 2662 sanctim,
2193 2598 2341 2641 enm

347 2713 664 2757 summum
711 2692 951 2756 bonum
996 2705 1063 2757 et
1103 2693 1172 2757 in
1218 2692 1516 2757 omnibus
1574 2691 1699 2756 hac
1760 2692 2177 2757 distinctione
2207 2692 2340 2760 ,tri-

348 2806 573 2870 nitatis
616 2799 1086 2893 intelligamus.
1173 2806 1394 2870 Patris
1454 2827 1731 2890 namque
1775 2807 2036 2869 nomine
2076 2805 2340 2867 divinae

347 2919 717 3002 majestatis
760 2920 1054 3001 potentia
1097 2918 1510 3004 designatur,
1568 2916 1740 3001 quod
1799 2917 2109 3001 quidquid
2151 2914 2339 2995 velit,

351 3028 618 3095 efficere
688 3032 918 3114 possit.
1047 3028 1238 3095 Unde
1325 3032 1397 3094 in
1476 3028 1838 3095 enchiridio
1909 3028 2338 3115 Augustinus.

351 3138 588 3226 Neque
633 3145 805 3208 enim
848 3146 1173 3208 veraciter
1215 3155 1488 3207 vocatur
1511 3144 1948 3224 omnipotens,
1992 3142 2121 3204 nisi
2150 3161 2344 3224 quam

353 3255 661 3342 quidquid
725 3255 867 3320 vult
931 3269 1180 3340 potest;
1260 3255 1443 3322 Idem
1510 3258 1581 3321 in
1648 3255 1821 3321 libro
1879 3255 1961 3320 de
2003 3256 2233 3336 spiritu
2276 3265 2344 3317 et

351 3366 584 3435 litera:
618 3389 623 3398 ·
652 3390 780 3434 non
838 3384 1056 3452 potest
1098 3371 1322 3436 facere
1359 3373 1651 3456 injusta,
1710 3371 1863 3453 quia
1902 3371 2047 3451 ipse
2092 3388 2345 3431 summa

343 3483 611 3566 justitia
678 3495 745 3546 et
806 3481 1066 3548 bonitas
1135 3494 1260 3546 est.
1349 3481 1783 3565 Omnipotens
1849 3500 2006 3545 vero
2065 3491 2345 3544 estnon

354 3591 528 3675 quod
571 3597 1046 3675 possit‘omnia
1100 3596 1361 3675 facere,
1422 3595 1546 3659 sed
1600 3595 1753 3678 quia
1793 3602 2011 3676 potest
2053 3591 2344 3672 efficere,

356 3706 669 3791 quidquid
715 3708 875 3774 vult.
961 3706 1112 3773 Hoc
1163 3720 1263 3773 est
1312 3710 1408 3773 ita
1473 3710 1543 3771 in
1598 3717 1926 3790 potestate
1984 3706 2130 3789 ejus
2189 3716 2346 3769 sunt

357 3821 577 3885 omnia
614 3823 856 3904 posita,
902 3821 1075 3907 quod
1119 3821 1199 3886 de
1238 3817 1561 3900 omnibus,
1607 3820 1936 3906 quaeipse
1960 3816 2125 3896 vult,
2170 3816 2344 3881 ordi-

356 3953 595 4019 nare„
630 3933 742 4004 vel
789 3935 1050 4015 facere,
1125 3956 1259 4003 non
1303 3946 1408 4001 est
1447 3932 1729 4021 aliquis,
1796 3932 2157 4016 qui-possit
2198 3930 2347 4013 ejus

354 4027 761 4115 voluntatem
802 4048 1145 4134 impedire.
1188 4047 1413 4142 ISicut
1465 4057 1690 4116 autem
1756 4044 1963 4130 patris
2018 4039 2342 4150 vocabulo
2452 4068 2472 4106 ι
