2842 4800
2186 393 2302 473 4⁹

291 563 467 651 quod
518 584 651 628 non
703 562 881 630 filius
935 560 1049 628 vel
1107 564 1375 647 spiritus
1443 571 1735 630 sanctus.
1822 560 1904 629 Id
1962 573 2068 631 est
2119 560 2293 633 nihil

292 688 597 760 operatur
653 675 841 741 Deus
907 676 1079 760 quod
1145 697 1278 741 non
1347 676 1598 757 possit,
1670 676 1844 760 quod
1906 697 2044 742 non
2096 679 2291 760 scint,

287 789 459 874 quod
504 811 636 854 non
679 788 869 877 velit.
954 788 1160 854 Multi
1202 801 1419 853 nutem
1462 798 1638 877 sunt,
1682 790 1796 874 qui
1835 800 2114 871 possunt
2134 810 2289 874 ope·

285 903 446 981 reri,
492 902 664 986 quod
705 902 1030 979 nesciunt,
1077 913 1145 965 et
1180 900 1332 966 ideo
1379 900 1554 983 qnod
1598 911 1949 983 operantur
1988 921 2125 967 non
2167 900 2294 968 hu-

288 1012 398 1079 bet
443 1012 821 1101 elegantem
883 1015 1217 1080 effectum.
1303 1013 1555 1078 Rursus
1598 1014 1859 1099 qui'dnm
1904 1026 1970 1080 et
2011 1025 2293 1098 possunt

285 1138 353 1191 et
398 1128 637 1205 sciunt,
684 1126 799 1192 sed
847 1125 1105 1205 nolunt,
1157 1137 1224 1190 et
1264 1125 1417 1191 ideo
1465 1146 1599 1190 non
1640 1146 1723 1190 eo
1765 1127 1960 1191 modo
2008 1147 2290 1211 operan-

288 1252 428 1320 tur,
501 1260 631 1323 quo
691 1238 930 1304 melius
989 1239 1145 1303 inde
1208 1239 1557 1321 provenire
1619 1248 1861 1321 potest.
1951 1239 2127 1306 Tale
2183 1251 2293 1307 est

284 1353 487 1439 igitur
529 1372 609 1415 ne
650 1352 715 1415 si
753 1351 1031 1430 dicatur,
1075 1351 1172 1417 sic
1209 1360 1433 1433 potest
1471 1347 1658 1415 Deus
1705 1353 1961 1431 operari
2005 1353 2177 1437 quod
2220 1354 2289 1418 ei

287 1486 417 1528 non
461 1475 683 1548 potest
741 1465 962 1528 resisti
958 1508 1003 1543 a
1072 1466 1172 1527 sic
1233 1458 1608 1550 sapienter,
1678 1463 1851 1546 quod
1909 1461 2286 1552 elegantius

283 1577 439 1642 inde
483 1578 828 1659 provenire
890 1596 1025 1640 non
1080 1576 1331 1658 possit,
1395 1577 1497 1641 sic
1549 1574 1872 1663 benigne,
1932 1577 2107 1662 quod
2145 1596 2288 1645 me-

283 1688 418 1755 lius
461 1700 748 1775 nequeat
786 1690 940 1754 inde
984 1674 1275 1754 evenire.
1360 1690 1557 1753 Licet
1600 1700 1819 1754 autem
1863 1691 1964 1755 sic
1998 1711 2288 1758 commu·-

284 1805 389 1869 nis
434 1803 523 1867 sit
585 1802 775 1866 trium
839 1824 1268 1885 personarum
1326 1803 1669 1885 operatio,
1740 1813 1815 1866 ut
1869 1801 2112 1868 dictum
2155 1816 2284 1885 est,

287 1937 419 1981 non
464 1928 684 1983 tamen
726 1917 784 1981 si
825 1913 1006 1980 filius
1036 1926 1138 1980 est
1167 1917 1571 1992 incarnatus,
1620 1924 1687 1978 et
1729 1925 1938 1996 pater,
1983 1915 2134 1997 quia
2164 1934 2288 1984 neo

283 2032 620 2116 sequitur,
686 2032 749 2094 si
803 2031 1026 2094 omnia
1096 2049 1263 2114 quae
1320 2039 1473 2092 sunt
1527 2025 1654 2092 filii
1695 2039 1849 2092 sunt
1897 2028 2141 2110 patris,
2208 2039 2289 2097 ut

281 2144 458 2208 idem
500 2145 570 2208 in
614 2140 962 2229 evangelio
1005 2143 1125 2221 nit,
1169 2161 1328 2227 ergo
1373 2163 1528 2206 caro
1572 2139 1698 2205 filii
1727 2151 1831 2205 est
1861 2161 2016 2206 caro
2045 2141 2284 2225 patris·

282 2256 396 2322 Sic
455 2257 629 2321 enim
689 2267 794 2320 est
833 2252 1372 2340 intelligendum:
1444 2255 1663 2318 omnin
1720 2274 1869 2318 mea
1926 2265 2041 2319 tua
2104 2265 2284 2321 sunt.

280 2371 442 2439 Ideo
489 2372 789 2458 q'nicquid
834 2393 961 2459 ego
1001 2370 1312 2455 possideo
1360 2381 1429 2436 et
1471 2381 1565 2452 tu,
1609 2391 1648 2433 o
1692 2381 1884 2453 peter
1923 2381 1993 2437 et
2036 2392 2075 2435 e
2119 2390 2281 2439 con-

282 2508 504 2553 verso.
591 2486 708 2551 Sic
761 2485 995 2550 dicitur
1059 2484 1361 2570 quicquid
1422 2496 1528 2548 est
1584 2485 1764 2571 regis
1821 2497 1927 2549 est
1979 2486 2281 2572 reginae,

282 2623 440 2688 ergo
485 2598 777 2666 membra
818 2599 995 2685 regis
1039 2615 1193 2674 sunt
1233 2595 1525 2663 membra
1563 2598 1832 2685 reginae
1875 2595 2117 2688 falsum
2151 2607 2280 2681 est,

280 2713 400 2779 sed
443 2714 541 2778 sic
583 2715 953 2797 exponitur,
997 2710 1304 2796 quicquid
1346 2722 1450 2775 est
1488 2711 1558 2775 in
1598 2712 2027 2793 possessione
2068 2712 2276 2799 regis,

281 2838 385 2892 eet
421 2829 493 2891 in
534 2827 961 2909 possessione
1004 2825 1298 2912 reginae.
1390 2822 1713 2890 Similiter
1738 2813 2078 2909 *quiddam
2120 2843 2280 2892 oon-

279 2941 466 3004 venit
504 2939 799 3021 spiritui,
865 2935 1038 3022 quod
1081 2957 1216 3001 non
1256 2936 1570 3002 convenit
1608 2937 1783 3020 patri
1824 2934 1936 3001 vel
1975 2935 2160 3016 filio,
2202 2947 2280 3002 ut

276 3062 657 3117 renascetur
698 3047 827 3114 hoc
869 3071 957 3114 ex
1001 3072 1174 3135 equa
1214 3061 1285 3114 et
1325 3050 1559 3132 spiritu
1599 3059 1857 3129 sancto,
1901 3060 1970 3112 et
2010 3069 2146 3115 nou
2187 3069 2278 3115 ex

278 3186 449 3253 nque
493 3176 562 3229 et
600 3162 743 3229 filio
788 3177 857 3230 et
893 3173 1105 3246 patre.
1169 3149 1489 3228 'Dimittit
1528 3162 1852 3247 siquidem
1887 3159 2075 3227 Dens
2118 3179 2275 3245 peo-

275 3292 430 3347 cntu
471 3302 557 3345 ex
597 3279 811 3366 gratia
854 3300 1022 3364 quae
1064 3276 1385 3342 bonitatis
1451 3288 1557 3342 est
1608 3297 1741 3342 non
1781 3278 2118 3360 potentine
2161 3275 2277 3344 vel

272 3396 668 3479 sapientiae,
710 3395 864 3479 quin
906 3414 1039 3457 non
1083 3392 1351 3459 dimittit
1391 3414 1480 3457 ex
1521 3389 1650 3456 hoc
1691 3390 1866 3476 qued
1907 3402 2143 3474 potens
2167 3400 2276 3458 ost

270 3507 386 3573 vel
427 3508 715 3589 sapiens,
760 3506 879 3572 sed
923 3526 1010 3571 ex
1053 3505 1228 3591 quod
1266 3503 1508 3570 bonus.
1595 3502 1729 3569 Sed
1758 3524 1905 3569 cum
1947 3504 2275 3589 sapientie

271 3622 399 3701 sit,
441 3632 515 3684 ut
557 3618 865 3698 diximus,
907 3620 1284 3699 incarnata,
1329 3617 1400 3682 id
1448 3627 1587 3696 est,
1633 3620 1759 3698 (nt)
1802 3615 2074 3682 verbum
2116 3638 2271 3685 caro

268 3736 361 3799 eit
401 3733 672 3813 factum,
718 3738 847 3813 (ut)
890 3730 1304 3818 evangelista
1344 3732 1649 3810 intonuit,
1696 3731 1957 3797 videtur
1996 3731 2270 3800 verbum

272 3869 425 3914 esee
468 3847 750 3926 factum,
797 3848 971 3931 quod
1014 3846 1099 3910 nb
1142 3856 1415 3911 aeterno
1463 3865 1598 3910 non
1642 3842 1866 3924 fuerit,
1911 3844 2086 3931 quod
2126 3847 2269 3930 qui·

267 3961 422 4027 dem
463 3981 627 4026 sane
666 3960 1129 4039 concedimus,
1194 3979 1330 4025 non
1386 3969 1612 4023 temen
1653 3968 1760 4023 est
1800 3956 2068 4024 factum.
2155 3955 2270 4023 Sic

266 4073 566 4141 dominus
611 4071 827 4141 factus
868 4084 970 4138 est
1011 4069 1176 4140 mihi
1217 4071 1285 4136 in
1329 4067 1664 4150 salntem,
1728 4089 1852 4135 nec
1892 4080 2116 4139 tannen
2163 4082 2270 4140 est

1792 4191 1836 4249 4
