<?xml version="1.0" encoding="UTF-8"?>
<!DOCTYPE html PUBLIC "-//W3C//DTD XHTML 1.0 Transitional//EN"
    "http://www.w3.org/TR/xhtml1/DTD/xhtml1-transitional.dtd">
<html xmlns="http://www.w3.org/1999/xhtml" xml:lang="en" lang="en">
 <head>
  <title>
</title>
<meta http-equiv="Content-Type" content="text/html;charset=utf-8" />
  <meta name='ocr-system' content='tesseract 3.04.00' />
  <meta name='ocr-capabilities' content='ocr_page ocr_carea ocr_par ocr_line ocrx_word'/>
</head>
<body>
  <div class='ocr_page' id='page_1' title='image "./epitometheologi00rheigoog_0092.png"; bbox 0 0 2842 4800; ppageno 0'>
   <div class='ocr_carea' id='block_1_1' title="bbox 528 554 2540 985">
    <p class='ocr_par' dir='ltr' id='par_1_1' title="bbox 528 554 2540 985">
     <span class='ocr_line' id='line_1_1' title="bbox 528 554 2536 642; baseline -0 -15"><span class='ocrx_word' id='word_1_1' title='bbox 528 559 786 627; x_wconf 86' lang='lat' dir='ltr'><strong>Horum</strong></span> <span class='ocrx_word' id='word_1_2' title='bbox 827 557 1148 627; x_wconf 86' lang='lat' dir='ltr'><strong>bonorum</strong></span> <span class='ocrx_word' id='word_1_3' title='bbox 1188 554 1329 626; x_wconf 82' lang='lat' dir='ltr'><strong>alia</strong></span> <span class='ocrx_word' id='word_1_4' title='bbox 1362 571 1517 626; x_wconf 84' lang='lat' dir='ltr'><strong>sunt</strong></span> <span class='ocrx_word' id='word_1_5' title='bbox 1570 556 1841 624; x_wconf 77' lang='lat' dir='ltr'><strong>stabilia</strong></span> <span class='ocrx_word' id='word_1_6' title='bbox 1884 569 1951 624; x_wconf 90' lang='lat' dir='ltr'><strong>et</strong></span> <span class='ocrx_word' id='word_1_7' title='bbox 1993 558 2344 642; x_wconf 80' lang='lat' dir='ltr'><strong>continua,</strong></span> <span class='ocrx_word' id='word_1_8' title='bbox 2393 558 2536 627; x_wconf 84' lang='lat' dir='ltr'><strong>alia</strong></span> 
     </span>
     <span class='ocr_line' id='line_1_2' title="bbox 529 671 2540 758; baseline 0 -20"><span class='ocrx_word' id='word_1_9' title='bbox 529 671 970 756; x_wconf 84' lang='lat' dir='ltr'><strong>interpolata,</strong></span> <span class='ocrx_word' id='word_1_10' title='bbox 1034 672 1422 753; x_wconf 77' lang='lat' dir='ltr'><strong>variabilia,</strong></span> <span class='ocrx_word' id='word_1_11' title='bbox 1490 686 1561 738; x_wconf 88' lang='lat' dir='ltr'><strong>ut</strong></span> <span class='ocrx_word' id='word_1_12' title='bbox 1622 672 1822 738; x_wconf 86' lang='lat' dir='ltr'><strong>Petro</strong></span> <span class='ocrx_word' id='word_1_13' title='bbox 1890 671 2210 758; x_wconf 78' lang='lat' dir='ltr'><strong>quaedam</strong></span> <span class='ocrx_word' id='word_1_14' title='bbox 2264 673 2540 739; x_wconf 68' lang='lat' dir='ltr'><strong>conlata</strong></span> 
     </span>
     <span class='ocr_line' id='line_1_3' title="bbox 529 778 2539 868; baseline 0 -19"><span class='ocrx_word' id='word_1_15' title='bbox 529 778 686 849; x_wconf 83' lang='lat' dir='ltr'><strong>sunt</strong></span> <span class='ocrx_word' id='word_1_16' title='bbox 727 786 797 851; x_wconf 89' lang='lat' dir='ltr'><strong>in</strong></span> <span class='ocrx_word' id='word_1_17' title='bbox 843 806 923 850; x_wconf 92' lang='lat' dir='ltr'><strong>eo</strong></span> <span class='ocrx_word' id='word_1_18' title='bbox 968 783 1239 851; x_wconf 76' lang='lat' dir='ltr'><strong>stabilia</strong></span> <span class='ocrx_word' id='word_1_19' title='bbox 1281 797 1349 850; x_wconf 90' lang='lat' dir='ltr'><strong>et</strong></span> <span class='ocrx_word' id='word_1_20' title='bbox 1387 783 1877 868; x_wconf 78' lang='lat' dir='ltr'><strong>permanentia,</strong></span> <span class='ocrx_word' id='word_1_21' title='bbox 1931 793 2005 848; x_wconf 90' lang='lat' dir='ltr'><strong>ut</strong></span> <span class='ocrx_word' id='word_1_22' title='bbox 2058 780 2226 848; x_wconf 84' lang='lat' dir='ltr'><strong>fides</strong></span> <span class='ocrx_word' id='word_1_23' title='bbox 2267 804 2421 868; x_wconf 88' lang='lat' dir='ltr'><strong>spes</strong></span> <span class='ocrx_word' id='word_1_24' title='bbox 2465 795 2539 850; x_wconf 81' lang='lat' dir='ltr'><strong>et</strong></span> 
     </span>
     <span class='ocr_line' id='line_1_4' title="bbox 530 880 2539 985; baseline 0 -22"><span class='ocrx_word' id='word_1_25' title='bbox 530 880 847 977; x_wconf 36' lang='lat' dir='ltr'><strong>caritas(</strong></span> <span class='ocrx_word' id='word_1_26' title='bbox 882 897 1204 985; x_wconf 78' lang='lat' dir='ltr'><strong>quaedam</strong></span> <span class='ocrx_word' id='word_1_27' title='bbox 1246 918 1379 963; x_wconf 91' lang='lat' dir='ltr'><strong>non</strong></span> <span class='ocrx_word' id='word_1_28' title='bbox 1421 896 1907 981; x_wconf 83' lang='lat' dir='ltr'><strong>permanentia,</strong></span> <span class='ocrx_word' id='word_1_29' title='bbox 1951 907 2026 961; x_wconf 88' lang='grc' dir='ltr'><strong>ιιι</strong></span> <span class='ocrx_word' id='word_1_30' title='bbox 2067 895 2291 961; x_wconf 82' lang='lat' dir='ltr'><strong>faeere</strong></span> <span class='ocrx_word' id='word_1_31' title='bbox 2333 898 2539 963; x_wconf 86' lang='lat' dir='ltr'><strong>mira·</strong></span> 
     </span>
    </p>
   </div>
   <div class='ocr_carea' id='block_1_2' title="bbox 528 1007 2537 1207">
    <p class='ocr_par' dir='ltr' id='par_1_2' title="bbox 528 1007 2537 1207">
     <span class='ocr_line' id='line_1_5' title="bbox 530 1007 2537 1096; baseline -0.002 -21"><span class='ocrx_word' id='word_1_32' title='bbox 530 1009 708 1076; x_wconf 72' lang='lat' dir='ltr'><strong>eula-</strong></span> <span class='ocrx_word' id='word_1_33' title='bbox 807 1009 1177 1094; x_wconf 79' lang='lat' dir='ltr'><strong>Prophetae</strong></span> <span class='ocrx_word' id='word_1_34' title='bbox 1246 1032 1502 1096; x_wconf 82' lang='lat' dir='ltr'><strong>quoque</strong></span> <span class='ocrx_word' id='word_1_35' title='bbox 1568 1010 1765 1074; x_wconf 88' lang='lat' dir='ltr'><strong>modo</strong></span> <span class='ocrx_word' id='word_1_36' title='bbox 1830 1007 2163 1075; x_wconf 85' lang='lat' dir='ltr'><strong>habebant</strong></span> <span class='ocrx_word' id='word_1_37' title='bbox 2235 1007 2537 1092; x_wconf 82' lang='lat' dir='ltr'><strong>spiritum</strong></span> 
     </span>
     <span class='ocr_line' id='line_1_6' title="bbox 528 1119 1754 1207; baseline -0.001 -21"><span class='ocrx_word' id='word_1_38' title='bbox 528 1119 1006 1207; x_wconf 80' lang='lat' dir='ltr'><strong>prophetandi,</strong></span> <span class='ocrx_word' id='word_1_39' title='bbox 1051 1122 1244 1188; x_wconf 84' lang='lat' dir='ltr'><strong>modo</strong></span> <span class='ocrx_word' id='word_1_40' title='bbox 1290 1143 1370 1187; x_wconf 92' lang='lat' dir='ltr'><strong>eo</strong></span> <span class='ocrx_word' id='word_1_41' title='bbox 1417 1120 1754 1186; x_wconf 81' lang='lat' dir='ltr'><strong>carebant.</strong></span> 
     </span>
    </p>
   </div>
   <div class='ocr_carea' id='block_1_3' title="bbox 1299 1422 1757 1521">
    <p class='ocr_par' dir='ltr' id='par_1_3' title="bbox 1299 1422 1757 1521">
     <span class='ocr_line' id='line_1_7' title="bbox 1299 1422 1757 1521; baseline 0 -31"><span class='ocrx_word' id='word_1_42' title='bbox 1299 1424 1514 1521; x_wconf 73' lang='lat' dir='ltr'><strong>Caput</strong></span> <span class='ocrx_word' id='word_1_43' title='bbox 1563 1422 1757 1492; x_wconf 89' lang='lat' dir='ltr'>XIX.</span> 
     </span>
    </p>
   </div>
   <div class='ocr_carea' id='block_1_4' title="bbox 530 1548 2523 1719">
    <p class='ocr_par' dir='ltr' id='par_1_4' title="bbox 530 1548 2523 1719">
     <span class='ocr_line' id='line_1_8' title="bbox 530 1548 2523 1658; baseline -0.003 -37"><span class='ocrx_word' id='word_1_44' title='bbox 530 1565 691 1633; x_wconf 72' lang='lat' dir='ltr'><strong>Quae</strong></span> <span class='ocrx_word' id='word_1_45' title='bbox 725 1560 1040 1651; x_wconf 75' lang='lat' dir='ltr'><strong>potentiae,</strong></span> <span class='ocrx_word' id='word_1_46' title='bbox 1076 1575 1225 1634; x_wconf 79' lang='lat' dir='ltr'><strong>quae</strong></span> <span class='ocrx_word' id='word_1_47' title='bbox 1257 1548 1565 1634; x_wconf 80' lang='lat' dir='ltr'><strong>sapientiae</strong></span> <span class='ocrx_word' id='word_1_48' title='bbox 1579 1595 1600 1626; x_wconf 87' lang='lat'>‚</span> <span class='ocrx_word' id='word_1_49' title='bbox 1639 1575 1786 1658; x_wconf 48' lang='lat' dir='ltr'><strong>qua-e</strong></span> <span class='ocrx_word' id='word_1_50' title='bbox 1818 1558 2148 1616; x_wconf 74' lang='lat' dir='ltr'><strong>conveniant</strong></span> <span class='ocrx_word' id='word_1_51' title='bbox 2176 1559 2407 1617; x_wconf 79' lang='lat' dir='ltr'><strong>bonitati</strong></span> <span class='ocrx_word' id='word_1_52' title='bbox 2442 1560 2523 1617; x_wconf 84' lang='lat' dir='ltr'><strong>di·</strong></span> 
     </span>
     <span class='ocr_line' id='line_1_9' title="bbox 663 1664 1271 1719; baseline -0.008 -1"><span class='ocrx_word' id='word_1_53' title='bbox 663 1664 847 1719; x_wconf 81' lang='lat' dir='ltr'><strong>vinae.</strong></span> <span class='ocrx_word' id='word_1_54' title='bbox 1260 1689 1271 1692; x_wconf 48' lang='grc'><em>’</em></span> 
     </span>
    </p>
   </div>
   <div class='ocr_carea' id='block_1_5' title="bbox 480 1794 2521 4142">
    <p class='ocr_par' dir='ltr' id='par_1_5' title="bbox 480 1794 2521 4142">
     <span class='ocr_line' id='line_1_10' title="bbox 695 1794 2521 1888; baseline -0.002 -21"><span class='ocrx_word' id='word_1_55' title='bbox 695 1799 863 1867; x_wconf 83' lang='lat' dir='ltr'><strong>Viso</strong></span> <span class='ocrx_word' id='word_1_56' title='bbox 919 1801 1003 1865; x_wconf 89' lang='lat' dir='ltr'><strong>de</strong></span> <span class='ocrx_word' id='word_1_57' title='bbox 1061 1801 1361 1888; x_wconf 84' lang='lat' dir='ltr'><strong>genitura</strong></span> <span class='ocrx_word' id='word_1_58' title='bbox 1418 1812 1489 1864; x_wconf 84' lang='lat' dir='ltr'><strong>et</strong></span> <span class='ocrx_word' id='word_1_59' title='bbox 1539 1801 1962 1883; x_wconf 80' lang='lat' dir='ltr'><strong>processione</strong></span> <span class='ocrx_word' id='word_1_60' title='bbox 2019 1799 2106 1865; x_wconf 84' lang='lat' dir='ltr'><strong>ad</strong></span> <span class='ocrx_word' id='word_1_61' title='bbox 2159 1794 2345 1865; x_wconf 85' lang='lat' dir='ltr'><strong>illam</strong></span> <span class='ocrx_word' id='word_1_62' title='bbox 2403 1798 2521 1865; x_wconf 88' lang='lat' dir='ltr'><strong>de·</strong></span> 
     </span>
     <span class='ocr_line' id='line_1_11' title="bbox 524 1912 2521 1999; baseline -0.002 -19"><span class='ocrx_word' id='word_1_63' title='bbox 524 1915 945 1999; x_wconf 68' lang='lat' dir='ltr'><strong>scriptionem</strong></span> <span class='ocrx_word' id='word_1_64' title='bbox 988 1916 1222 1980; x_wconf 89' lang='lat' dir='ltr'><strong>summi</strong></span> <span class='ocrx_word' id='word_1_65' title='bbox 1266 1912 1449 1994; x_wconf 88' lang='lat' dir='ltr'><strong>boni,</strong></span> <span class='ocrx_word' id='word_1_66' title='bbox 1494 1936 1686 1999; x_wconf 83' lang='lat' dir='ltr'><strong>quam</strong></span> <span class='ocrx_word' id='word_1_67' title='bbox 1726 1916 1871 1997; x_wconf 84' lang='lat' dir='ltr'><strong>ipse</strong></span> <span class='ocrx_word' id='word_1_68' title='bbox 1897 1912 2200 1979; x_wconf 86' lang='lat' dir='ltr'><strong>Christus</strong></span> <span class='ocrx_word' id='word_1_69' title='bbox 2227 1925 2300 1977; x_wconf 87' lang='lat' dir='ltr'><strong>ut</strong></span> <span class='ocrx_word' id='word_1_70' title='bbox 2328 1934 2521 1995; x_wconf 84' lang='lat' dir='ltr'><strong>prae·</strong></span> 
     </span>
     <span class='ocr_line' id='line_1_12' title="bbox 524 2023 2521 2113; baseline -0.001 -21"><span class='ocrx_word' id='word_1_71' title='bbox 524 2029 767 2099; x_wconf 86' lang='lat' dir='ltr'><strong>dietum</strong></span> <span class='ocrx_word' id='word_1_72' title='bbox 811 2038 914 2092; x_wconf 87' lang='lat' dir='ltr'><strong>est</strong></span> <span class='ocrx_word' id='word_1_73' title='bbox 958 2029 1348 2113; x_wconf 77' lang='lat' dir='ltr'><strong>assignavit,</strong></span> <span class='ocrx_word' id='word_1_74' title='bbox 1391 2028 1760 2093; x_wconf 74' lang='lat' dir='ltr'><strong>redeamus,</strong></span> <span class='ocrx_word' id='word_1_75' title='bbox 1818 2026 1904 2090; x_wconf 88' lang='lat' dir='ltr'><strong>Et</strong></span> <span class='ocrx_word' id='word_1_76' title='bbox 1946 2047 2091 2091; x_wconf 84' lang='lat' dir='ltr'><strong>cum</strong></span> <span class='ocrx_word' id='word_1_77' title='bbox 2132 2026 2271 2090; x_wconf 88' lang='lat' dir='ltr'><strong>alia</strong></span> <span class='ocrx_word' id='word_1_78' title='bbox 2311 2023 2521 2091; x_wconf 81' lang='lat' dir='ltr'><strong>multa</strong></span> 
     </span>
     <span class='ocr_line' id='line_1_13' title="bbox 524 2139 2519 2221; baseline -0.002 -16"><span class='ocrx_word' id='word_1_79' title='bbox 524 2141 606 2205; x_wconf 86' lang='lat' dir='ltr'><strong>de</strong></span> <span class='ocrx_word' id='word_1_80' title='bbox 647 2139 799 2206; x_wconf 90' lang='lat' dir='ltr'><strong>Deo</strong></span> <span class='ocrx_word' id='word_1_81' title='bbox 844 2142 1174 2221; x_wconf 84' lang='lat' dir='ltr'><strong>dicantur,</strong></span> <span class='ocrx_word' id='word_1_82' title='bbox 1220 2151 1290 2205; x_wconf 89' lang='lat' dir='ltr'><strong>ut</strong></span> <span class='ocrx_word' id='word_1_83' title='bbox 1333 2150 1681 2219; x_wconf 87' lang='lat' dir='ltr'><strong>aeternus,</strong></span> <span class='ocrx_word' id='word_1_84' title='bbox 1723 2141 2115 2218; x_wconf 84' lang='lat' dir='ltr'><strong>immensus,</strong></span> <span class='ocrx_word' id='word_1_85' title='bbox 2157 2141 2519 2203; x_wconf 84' lang='lat' dir='ltr'><strong>incommu-</strong></span> 
     </span>
     <span class='ocr_line' id='line_1_14' title="bbox 524 2251 2518 2332; baseline -0.003 -14"><span class='ocrx_word' id='word_1_86' title='bbox 524 2251 753 2320; x_wconf 87' lang='lat' dir='ltr'><strong>tabilis</strong></span> <span class='ocrx_word' id='word_1_87' title='bbox 799 2266 866 2318; x_wconf 90' lang='lat' dir='ltr'><strong>et</strong></span> <span class='ocrx_word' id='word_1_88' title='bbox 912 2265 1210 2332; x_wconf 84' lang='lat' dir='ltr'><strong>caetera,</strong></span> <span class='ocrx_word' id='word_1_89' title='bbox 1269 2273 1355 2317; x_wconf 87' lang='lat' dir='ltr'><strong>an</strong></span> <span class='ocrx_word' id='word_1_90' title='bbox 1395 2251 1535 2318; x_wconf 90' lang='lat' dir='ltr'><strong>illis</strong></span> <span class='ocrx_word' id='word_1_91' title='bbox 1580 2251 1786 2318; x_wconf 87' lang='lat' dir='ltr'><strong>tribus</strong></span> <span class='ocrx_word' id='word_1_92' title='bbox 1830 2251 1999 2317; x_wconf 84' lang='lat' dir='ltr'><strong>haee</strong></span> <span class='ocrx_word' id='word_1_93' title='bbox 2042 2252 2261 2316; x_wconf 89' lang='lat' dir='ltr'><strong>omnia</strong></span> <span class='ocrx_word' id='word_1_94' title='bbox 2307 2252 2518 2316; x_wconf 85' lang='lat' dir='ltr'><strong>eonti-</strong></span> 
     </span>
     <span class='ocr_line' id='line_1_15' title="bbox 518 2359 2518 2452; baseline -0.002 -18"><span class='ocrx_word' id='word_1_95' title='bbox 518 2378 837 2446; x_wconf 84' lang='lat' dir='ltr'><strong>neantur,</strong></span> <span class='ocrx_word' id='word_1_96' title='bbox 908 2365 1525 2431; x_wconf 86' lang='lat' dir='ltr'><strong>animadvertamus.</strong></span> <span class='ocrx_word' id='word_1_97' title='bbox 1613 2361 1930 2449; x_wconf 86' lang='lat' dir='ltr'><strong>Alioquin</strong></span> <span class='ocrx_word' id='word_1_98' title='bbox 1981 2365 2349 2452; x_wconf 72' lang='lat' dir='ltr'><strong>assignatio</strong></span> <span class='ocrx_word' id='word_1_99' title='bbox 2392 2359 2518 2430; x_wconf 80' lang='lat' dir='ltr'><strong>illa</strong></span> 
     </span>
     <span class='ocr_line' id='line_1_16' title="bbox 518 2477 2515 2560; baseline -0.003 -14"><span class='ocrx_word' id='word_1_100' title='bbox 518 2481 847 2550; x_wconf 79' lang='lat' dir='ltr'><strong>dominica</strong></span> <span class='ocrx_word' id='word_1_101' title='bbox 902 2480 986 2544; x_wconf 92' lang='lat' dir='ltr'><strong>de</strong></span> <span class='ocrx_word' id='word_1_102' title='bbox 1048 2499 1301 2544; x_wconf 90' lang='lat' dir='ltr'><strong>summo</strong></span> <span class='ocrx_word' id='word_1_103' title='bbox 1370 2477 1545 2542; x_wconf 88' lang='lat' dir='ltr'><strong>bono</strong></span> <span class='ocrx_word' id='word_1_104' title='bbox 1607 2480 1820 2543; x_wconf 88' lang='lat' dir='ltr'><strong>minus</strong></span> <span class='ocrx_word' id='word_1_105' title='bbox 1863 2478 2155 2560; x_wconf 83' lang='lat' dir='ltr'><strong>perfecta</strong></span> <span class='ocrx_word' id='word_1_106' title='bbox 2198 2500 2351 2544; x_wconf 86' lang='lat' dir='ltr'><strong>esse</strong></span> <span class='ocrx_word' id='word_1_107' title='bbox 2398 2478 2515 2542; x_wconf 84' lang='lat' dir='ltr'><strong>de·</strong></span> 
     </span>
     <span class='ocr_line' id='line_1_17' title="bbox 516 2590 2515 2678; baseline -0.002 -20"><span class='ocrx_word' id='word_1_108' title='bbox 516 2593 963 2677; x_wconf 84' lang='lat' dir='ltr'><strong>prehenditur.</strong></span> <span class='ocrx_word' id='word_1_109' title='bbox 1050 2590 1407 2658; x_wconf 83' lang='lat' dir='ltr'><strong>Videamus</strong></span> <span class='ocrx_word' id='word_1_110' title='bbox 1451 2593 1653 2678; x_wconf 82' lang='lat' dir='ltr'><strong>igitur</strong></span> <span class='ocrx_word' id='word_1_111' title='bbox 1696 2612 1863 2675; x_wconf 83' lang='lat' dir='ltr'><strong>quae</strong></span> <span class='ocrx_word' id='word_1_112' title='bbox 1906 2593 2280 2675; x_wconf 85' lang='lat' dir='ltr'><strong>potentiae,</strong></span> <span class='ocrx_word' id='word_1_113' title='bbox 2344 2612 2515 2677; x_wconf 86' lang='lat' dir='ltr'><strong>quae</strong></span> 
     </span>
     <span class='ocr_line' id='line_1_18' title="bbox 515 2678 2515 2788; baseline -0.001 -19"><span class='ocrx_word' id='word_1_114' title='bbox 515 2699 925 2788; x_wconf 76' lang='lat' dir='ltr'><strong>sapientiae,</strong></span> <span class='ocrx_word' id='word_1_115' title='bbox 973 2725 1140 2786; x_wconf 88' lang='lat' dir='ltr'><strong>quae</strong></span> <span class='ocrx_word' id='word_1_116' title='bbox 1187 2678 1582 2768; x_wconf 74' lang='lat' dir='ltr'><strong>conveniant</strong></span> <span class='ocrx_word' id='word_1_117' title='bbox 1623 2701 1903 2769; x_wconf 85' lang='lat' dir='ltr'><strong>bonitati</strong></span> <span class='ocrx_word' id='word_1_118' title='bbox 1945 2704 2228 2769; x_wconf 83' lang='lat' dir='ltr'><strong>divinae.</strong></span> <span class='ocrx_word' id='word_1_119' title='bbox 2295 2701 2515 2778; x_wconf 71' lang='lat' dir='ltr'><strong>Quod</strong></span> 
     </span>
     <span class='ocr_line' id='line_1_19' title="bbox 516 2814 2513 2897; baseline 0 -17"><span class='ocrx_word' id='word_1_120' title='bbox 516 2814 754 2882; x_wconf 84' lang='lat' dir='ltr'><strong>dieitur</strong></span> <span class='ocrx_word' id='word_1_121' title='bbox 776 2815 1214 2896; x_wconf 82' lang='lat' dir='ltr'><strong>invariabilis,</strong></span> <span class='ocrx_word' id='word_1_122' title='bbox 1259 2814 1708 2896; x_wconf 87' lang='lat' dir='ltr'><strong>immutabilis,</strong></span> <span class='ocrx_word' id='word_1_123' title='bbox 1749 2816 2160 2897; x_wconf 84' lang='lat' dir='ltr'><strong>indeficiens,</strong></span> <span class='ocrx_word' id='word_1_124' title='bbox 2205 2827 2513 2881; x_wconf 88' lang='lat' dir='ltr'><strong>aeternus</strong></span> 
     </span>
     <span class='ocr_line' id='line_1_20' title="bbox 514 2927 2512 3014; baseline -0.001 -19"><span class='ocrx_word' id='word_1_125' title='bbox 514 2942 586 2995; x_wconf 91' lang='lat' dir='ltr'><strong>et</strong></span> <span class='ocrx_word' id='word_1_126' title='bbox 628 2942 934 3009; x_wconf 77' lang='lat' dir='ltr'><strong>caetera,</strong></span> <span class='ocrx_word' id='word_1_127' title='bbox 990 2930 1325 3012; x_wconf 86' lang='lat' dir='ltr'><strong>potentiae</strong></span> <span class='ocrx_word' id='word_1_128' title='bbox 1386 2940 1517 2993; x_wconf 84' lang='lat' dir='ltr'><strong>est.</strong></span> <span class='ocrx_word' id='word_1_129' title='bbox 1604 2927 1816 2995; x_wconf 85' lang='lat' dir='ltr'><strong>Posse</strong></span> <span class='ocrx_word' id='word_1_130' title='bbox 1857 2929 2179 3014; x_wconf 83' lang='lat' dir='ltr'><strong>siquidem</strong></span> <span class='ocrx_word' id='word_1_131' title='bbox 2241 2932 2512 3010; x_wconf 88' lang='lat' dir='ltr'><strong>variari,</strong></span> 
     </span>
     <span class='ocr_line' id='line_1_21' title="bbox 509 3033 2509 3126; baseline 0.001 -19"><span class='ocrx_word' id='word_1_132' title='bbox 509 3033 707 3126; x_wconf 80' lang='lat' dir='ltr'><strong>posse</strong></span> <span class='ocrx_word' id='word_1_133' title='bbox 731 3042 1012 3108; x_wconf 83' lang='lat' dir='ltr'><strong>deficere</strong></span> <span class='ocrx_word' id='word_1_134' title='bbox 1036 3054 1104 3107; x_wconf 89' lang='lat' dir='ltr'><strong>et</strong></span> <span class='ocrx_word' id='word_1_135' title='bbox 1117 3053 1401 3120; x_wconf 83' lang='lat' dir='ltr'><strong>caetera,</strong></span> <span class='ocrx_word' id='word_1_136' title='bbox 1422 3042 1852 3124; x_wconf 78' lang='lat' dir='ltr'><strong>impotentiae</strong></span> <span class='ocrx_word' id='word_1_137' title='bbox 1881 3055 2007 3105; x_wconf 83' lang='lat' dir='ltr'><strong>est.</strong></span> <span class='ocrx_word' id='word_1_138' title='bbox 2056 3040 2251 3120; x_wconf 79' lang='lat' dir='ltr'><strong>Quod</strong></span> <span class='ocrx_word' id='word_1_139' title='bbox 2279 3064 2509 3109; x_wconf 85' lang='lat' dir='ltr'><strong>rursus</strong></span> 
     </span>
     <span class='ocr_line' id='line_1_22' title="bbox 509 3154 2512 3240; baseline 0.001 -21"><span class='ocrx_word' id='word_1_140' title='bbox 509 3155 928 3240; x_wconf 87' lang='lat' dir='ltr'><strong>praevidens,</strong></span> <span class='ocrx_word' id='word_1_141' title='bbox 947 3157 1323 3238; x_wconf 79' lang='lat' dir='ltr'><strong>praesciens</strong></span> <span class='ocrx_word' id='word_1_142' title='bbox 1339 3155 1602 3234; x_wconf 84' lang='lat' dir='ltr'><strong>dieitur,</strong></span> <span class='ocrx_word' id='word_1_143' title='bbox 1626 3156 1994 3238; x_wconf 77' lang='lat' dir='ltr'><strong>sapientiae</strong></span> <span class='ocrx_word' id='word_1_144' title='bbox 2013 3167 2142 3221; x_wconf 86' lang='lat' dir='ltr'><strong>est.</strong></span> <span class='ocrx_word' id='word_1_145' title='bbox 2185 3154 2357 3222; x_wconf 89' lang='lat' dir='ltr'><strong>Nam</strong></span> <span class='ocrx_word' id='word_1_146' title='bbox 2376 3177 2512 3224; x_wconf 87' lang='lat' dir='ltr'><strong>non</strong></span> 
     </span>
     <span class='ocr_line' id='line_1_23' title="bbox 498 3266 2508 3336; baseline 0.001 -5"><span class='ocrx_word' id='word_1_147' title='bbox 498 3287 788 3333; x_wconf 81' lang='lat' dir='ltr'><strong>noscere</strong></span> <span class='ocrx_word' id='word_1_148' title='bbox 828 3290 937 3333; x_wconf 84' lang='lat' dir='ltr'><strong>res</strong></span> <span class='ocrx_word' id='word_1_149' title='bbox 983 3269 1110 3332; x_wconf 85' lang='lat' dir='ltr'><strong>nisi</strong></span> <span class='ocrx_word' id='word_1_150' title='bbox 1150 3289 1242 3332; x_wconf 76' lang='lat' dir='ltr'><strong>ex</strong></span> <span class='ocrx_word' id='word_1_151' title='bbox 1288 3266 1631 3333; x_wconf 88' lang='lat' dir='ltr'><strong>eventibus</strong></span> <span class='ocrx_word' id='word_1_152' title='bbox 1677 3289 1795 3332; x_wconf 88' lang='lat' dir='ltr'><strong>seu</strong></span> <span class='ocrx_word' id='word_1_153' title='bbox 1840 3267 2181 3333; x_wconf 84' lang='lat' dir='ltr'><strong>effectibus</strong></span> <span class='ocrx_word' id='word_1_154' title='bbox 2225 3273 2362 3336; x_wconf 86' lang='lat' dir='ltr'><strong>suis</strong></span> <span class='ocrx_word' id='word_1_155' title='bbox 2405 3272 2508 3334; x_wconf 90' lang='lat' dir='ltr'><strong>in-</strong></span> 
     </span>
     <span class='ocr_line' id='line_1_24' title="bbox 508 3376 2508 3461; baseline 0.001 -16"><span class='ocrx_word' id='word_1_156' title='bbox 508 3380 856 3461; x_wconf 85' lang='lat' dir='ltr'><strong>sipientiae</strong></span> <span class='ocrx_word' id='word_1_157' title='bbox 900 3391 1004 3444; x_wconf 80' lang='lat' dir='ltr'><strong>est</strong></span> <span class='ocrx_word' id='word_1_158' title='bbox 1026 3376 1374 3444; x_wconf 85' lang='lat' dir='ltr'><strong>humanae.</strong></span> <span class='ocrx_word' id='word_1_159' title='bbox 1439 3379 1664 3444; x_wconf 87' lang='lat' dir='ltr'><strong>Justus</strong></span> <span class='ocrx_word' id='word_1_160' title='bbox 1693 3400 1877 3461; x_wconf 84' lang='lat' dir='ltr'><strong>vero,</strong></span> <span class='ocrx_word' id='word_1_161' title='bbox 1900 3382 2271 3452; x_wconf 67' lang='lat' dir='ltr'><strong>misericors</strong></span> <span class='ocrx_word' id='word_1_162' title='bbox 2295 3394 2364 3447; x_wconf 89' lang='lat' dir='ltr'><strong>et</strong></span> <span class='ocrx_word' id='word_1_163' title='bbox 2383 3382 2508 3447; x_wconf 84' lang='lat' dir='ltr'><strong>mi-</strong></span> 
     </span>
     <span class='ocr_line' id='line_1_25' title="bbox 505 3492 2508 3579; baseline 0.002 -22"><span class='ocrx_word' id='word_1_164' title='bbox 505 3503 765 3558; x_wconf 90' lang='lat' dir='ltr'><strong>serator</strong></span> <span class='ocrx_word' id='word_1_165' title='bbox 809 3504 877 3557; x_wconf 89' lang='lat' dir='ltr'><strong>et</strong></span> <span class='ocrx_word' id='word_1_166' title='bbox 920 3503 1182 3556; x_wconf 84' lang='lat' dir='ltr'><strong>caetera</strong></span> <span class='ocrx_word' id='word_1_167' title='bbox 1224 3511 1371 3556; x_wconf 85' lang='lat' dir='ltr'><strong>eum</strong></span> <span class='ocrx_word' id='word_1_168' title='bbox 1425 3493 1716 3572; x_wconf 84' lang='lat' dir='ltr'><strong>dicatur,</strong></span> <span class='ocrx_word' id='word_1_169' title='bbox 1775 3493 1862 3559; x_wconf 87' lang='lat' dir='ltr'><strong>ad</strong></span> <span class='ocrx_word' id='word_1_170' title='bbox 1915 3492 2275 3559; x_wconf 86' lang='lat' dir='ltr'><strong>bonitatem</strong></span> <span class='ocrx_word' id='word_1_171' title='bbox 2315 3516 2508 3579; x_wconf 84' lang='lat' dir='ltr'><strong>spee-</strong></span> 
     </span>
     <span class='ocr_line' id='line_1_26' title="bbox 504 3605 2505 3693; baseline 0.001 -23"><span class='ocrx_word' id='word_1_172' title='bbox 504 3617 642 3685; x_wconf 80' lang='lat' dir='ltr'><strong>tat,</strong></span> <span class='ocrx_word' id='word_1_173' title='bbox 707 3606 1004 3691; x_wconf 86' lang='lat' dir='ltr'><strong>quamvis</strong></span> <span class='ocrx_word' id='word_1_174' title='bbox 1064 3606 1412 3671; x_wconf 84' lang='lat' dir='ltr'><strong>miserator</strong></span> <span class='ocrx_word' id='word_1_175' title='bbox 1468 3607 1680 3693; x_wconf 80' lang='lat' dir='ltr'><strong>magis</strong></span> <span class='ocrx_word' id='word_1_176' title='bbox 1740 3605 2152 3672; x_wconf 83' lang='lat' dir='ltr'><strong>exhibitione</strong></span> <span class='ocrx_word' id='word_1_177' title='bbox 2192 3609 2505 3676; x_wconf 78' lang='lat' dir='ltr'><strong>miseriae</strong></span> 
     </span>
     <span class='ocr_line' id='line_1_27' title="bbox 506 3715 2506 3805; baseline 0.003 -22"><span class='ocrx_word' id='word_1_178' title='bbox 506 3738 701 3803; x_wconf 77' lang='lat' dir='ltr'><strong>quam</strong></span> <span class='ocrx_word' id='word_1_179' title='bbox 762 3738 851 3783; x_wconf 82' lang='lat' dir='ltr'><strong>ex</strong></span> <span class='ocrx_word' id='word_1_180' title='bbox 917 3715 1212 3782; x_wconf 85' lang='lat' dir='ltr'><strong>bonitate</strong></span> <span class='ocrx_word' id='word_1_181' title='bbox 1283 3717 1557 3782; x_wconf 82' lang='lat' dir='ltr'><strong>dicatur.</strong></span> <span class='ocrx_word' id='word_1_182' title='bbox 1659 3717 1774 3784; x_wconf 86' lang='lat' dir='ltr'><strong>Sie</strong></span> <span class='ocrx_word' id='word_1_183' title='bbox 1831 3719 2114 3785; x_wconf 84' lang='lat' dir='ltr'><strong>diximus</strong></span> <span class='ocrx_word' id='word_1_184' title='bbox 2178 3725 2506 3805; x_wconf 84' lang='lat' dir='ltr'><strong>superius,</strong></span> 
     </span>
     <span class='ocr_line' id='line_1_28' title="bbox 480 3830 2507 3916; baseline 0.001 -20"><span class='ocrx_word' id='word_1_185' title='bbox 480 3853 701 3916; x_wconf 78' lang='lat' dir='ltr'><strong>-quum</strong></span> <span class='ocrx_word' id='word_1_186' title='bbox 741 3830 899 3898; x_wconf 87' lang='lat' dir='ltr'><strong>illas</strong></span> <span class='ocrx_word' id='word_1_187' title='bbox 942 3842 1078 3896; x_wconf 88' lang='lat' dir='ltr'><strong>tres</strong></span> <span class='ocrx_word' id='word_1_188' title='bbox 1115 3851 1438 3916; x_wconf 87' lang='lat' dir='ltr'><strong>personas</strong></span> <span class='ocrx_word' id='word_1_189' title='bbox 1478 3833 1655 3896; x_wconf 86' lang='lat' dir='ltr'><strong>inter</strong></span> <span class='ocrx_word' id='word_1_190' title='bbox 1695 3854 1771 3897; x_wconf 89' lang='lat' dir='ltr'><strong>se</strong></span> <span class='ocrx_word' id='word_1_191' title='bbox 1813 3852 1967 3897; x_wconf 85' lang='lat' dir='ltr'><strong>esse</strong></span> <span class='ocrx_word' id='word_1_192' title='bbox 2007 3832 2304 3899; x_wconf 87' lang='lat' dir='ltr'><strong>diversas</strong></span> <span class='ocrx_word' id='word_1_193' title='bbox 2347 3854 2507 3899; x_wconf 83' lang='lat' dir='ltr'><strong>oon-</strong></span> 
     </span>
     <span class='ocr_line' id='line_1_29' title="bbox 484 3937 2502 4031; baseline 0 -23"><span class='ocrx_word' id='word_1_194' title='bbox 484 3955 676 4025; x_wconf 87' lang='lat' dir='ltr'><strong>-stet,</strong></span> <span class='ocrx_word' id='word_1_195' title='bbox 735 3941 1012 4009; x_wconf 88' lang='lat' dir='ltr'><strong>eandem</strong></span> <span class='ocrx_word' id='word_1_196' title='bbox 1073 3953 1297 4009; x_wconf 85' lang='lat' dir='ltr'><strong>tamen</strong></span> <span class='ocrx_word' id='word_1_197' title='bbox 1351 3937 1552 4009; x_wconf 84' lang='lat' dir='ltr'><strong>totius</strong></span> <span class='ocrx_word' id='word_1_198' title='bbox 1605 3944 1919 4009; x_wconf 84' lang='lat' dir='ltr'><strong>trinitatis</strong></span> <span class='ocrx_word' id='word_1_199' title='bbox 1977 3964 2130 4010; x_wconf 86' lang='lat' dir='ltr'><strong>esse</strong></span> <span class='ocrx_word' id='word_1_200' title='bbox 2174 3946 2502 4031; x_wconf 86' lang='lat' dir='ltr'><strong>operatio-</strong></span> 
     </span>
     <span class='ocr_line' id='line_1_30' title="bbox 503 4051 2504 4142; baseline 0 -20"><span class='ocrx_word' id='word_1_201' title='bbox 503 4075 654 4123; x_wconf 83' lang='lat' dir='ltr'><strong>nem</strong></span> <span class='ocrx_word' id='word_1_202' title='bbox 723 4054 1145 4124; x_wconf 78' lang='lat' dir='ltr'><strong>manifestum</strong></span> <span class='ocrx_word' id='word_1_203' title='bbox 1208 4066 1331 4120; x_wconf 88' lang='lat' dir='ltr'><strong>est.</strong></span> <span class='ocrx_word' id='word_1_204' title='bbox 1442 4051 1629 4123; x_wconf 87' lang='lat' dir='ltr'><strong>Nihil</strong></span> <span class='ocrx_word' id='word_1_205' title='bbox 1706 4056 1880 4123; x_wconf 86' lang='lat' dir='ltr'><strong>enim</strong></span> <span class='ocrx_word' id='word_1_206' title='bbox 1944 4068 2255 4141; x_wconf 77' lang='lat' dir='ltr'><strong>operatur</strong></span> <span class='ocrx_word' id='word_1_207' title='bbox 2315 4069 2504 4142; x_wconf 72' lang='lat' dir='ltr'><strong>pater</strong></span> 
     </span>
    </p>
   </div>
  </div>
 </body>
</html>
