2842 4800
534 411 649 492 20

526 602 666 671 'per
686 580 1110 669 apostolocin)
1141 583 1448 672 gentibus
1470 583 1739 672 dignata
1754 582 2204 682 est-revelare.
2262 585 2547 653 Primum

547 699 748 786 igitur
785 698 930 782 ipsa
973 695 1163 784 legis
1189 697 1469 763 exordia
1527 710 1909 776 occurrunt,
1969 697 2085 762 ubi
2130 695 2407 782 Moyses
2447 697 2550 763 le-
2651 720 2666 733 ³

538 809 831 898 -gislator
862 804 1070 875 'fidem
1118 808 1510 875 catholicam
1558 811 1639 874 de
1675 813 1933 876 ‘unitate
1976 812 2221 893 pariter
2265 824 2333 876 et
2363 812 2546 876 trini-

550 935 688 988 tate
735 935 1064 1005 tamquam
1110 923 1395 987 omnium
1459 919 1778 987 bonorum
1823 922 2314 988 fundamentum
2362 934 2547 988 ante-

549 1037 756 1121 ponit.
847 1035 1012 1100 Cum
1059 1036 1240 1098 enim'
1277 1034 1545 1099 dicitur-t
1591 1037 1664 1099 in
1708 1036 2021 1119 principio
2068 1038 2320 1099 creavit
2361 1016 2547 1102 Deus

535 1147 811 1214 coelum
865 1158 1277 1225 et-terram,
1338 1167 1456 1228 pro
1516 1167 1638 1226 eo,
1713 1146 1885 1230 quod
1930 1147 2099 1230 apud
2146 1168 2264 1211 nos
2313 1130 2556 1213 dicitur:

549 1258 760 1337 Deus,
807 1258 1118 1323 hebraica
1152 1260 1405 1326 ‚veritas
1451 1257 1647 1341 Eloy,
1696 1257 1867 1342 qued
1901 1271 2013 1351 ⁸ost
2049 1257 2309 1341 plurale
2353 1259 2547 1344 hujus

550 1372 1139 1460 singularis-Hel,
1212 1374 1435 1456 ponit,
1507 1395 1705 1455 quare
1768 1394 1927 1459 ergo
1987 1393 2119 1438 non
2164 1373 2402 1438 dictum
2447 1386 2550 1439 est

556 1486 719 1566 Hel,
765 1486 935 1570 quod
983 1499 1085 1551 est
1109 1486 1317 1565 Deus,
1363 1486 1482 1551 sed
1514 1485 1710 1570 Eloy,
1757 1488 1926 1570 quod
1959 1485 2073 1551 Dii
2111 1489 2252 1552 sive
2286 1489 2545 1572 judices

550 1603 1097 1683 interpretantur,
1158 1600 1289 1662 nisi
1347 1597 1472 1662 hoc
1530 1598 1616 1663 ad
1658 1599 2136 1664 multitudinem
2184 1601 2547 1666 divinarum
2661 1624 2667 1690 '.

552 1732 975 1795 personarum
1021 1712 1591 1791 accomodaretur,
1655 1724 1729 1775 ut
1784 1712 2041 1776 scilicet
2086 1732 2166 1777 eo
2208 1714 2401 1777 modo
2445 1716 2547 1778 in-

552 1828 923 1891 sinuaretur
963 1823 1424 1906 pluralitas.in
1466 1823 1637 1904 Deo,
1701 1825 2021 1907 quomodo
2069 1837 2133 1888 et
2175 1800 2435 1890 trinitas
2482 1839 2551 1891 et

554 1936 1031 2022 quodammodo
1065 1936 1436 2020 'multiplex
1480 1939 1733 2002 dicatur
1780 1936 1996 2017 Deus,
2064 1931 2386 2021 quomodo
2433 1940 2547 2003 tri-

555 2073 701 2130 nus,
750 2071 881 2141 non
927 2050 1280 2114 secundum
1326 2049 1735 2115 substantiae
1767 2050 2235 2131 diversitatem,
2277 2052 2398 2115 scd
2429 2062 2551 2116 'se-

556 2163 834 2229 cundum
877 2183 1301 2245 personarum
1342 2167 1803 2246 proprietates.
1892 2161 1982 2228 Ut
2027 2163 2159 2228 tale
2204 2166 2329 2243 sit,
2377 2162 2549 2248 quod

555 2276 795 2340 dictum
839 2273 1162 2359 estEloy,
1206 2296 1284 2340 ac
1326 2279 1386 2341 si
1417 2278 1765 2356 diceretur,
1813 2297 1945 2341 non
1988 2298 2095 2340 res
2140 2272 2386 2342 multae
2429 2276 2550 2349 sed

515 2417 518 2420 ¹
552 2408 876 2473 personae
904 2385 1175 2467 multae,
1221 2409 1485 2471 quarum
1514 2411 1940 2474 unaquaeque
1968 2392 2056 2454 sit
2087 2388 2322 2454 Deus.‘
2359 2388 2549 2456 Alio-

556 2505 712 2589 quin
755 2501 974 2585 plures
1021 2504 1382 2569 diceremus
1449 2525 1600 2568 esse
1660 2493 1862 2585 deos,
1932 2527 2073 2570 cum
2119 2525 2249 2569 non
2283 2495 2548 2572 -sit3nisi

553 2639 746 2684 unus,
832 2614 1009 2680 Hinc
1053 2628 1122 2680 et
1161 2615 1600 2703 Augustinus.
1665 2616 1850 2683 Deus
1912 2618 2169 2701 quidem
2210 2639 2376 2683 unus
2421 2614 2560 2714 est,

438 2789 447 2798 ,
557 2729 679 2797 sed
723 2749 852 2792 non
895 2726 1279 2814 singularis.
1371 2726 1540 2794 Nam
1586 2741 1653 2791 et
1691 2728 1935 2796 ibidem
1978 2731 2060 2795 de
2102 2731 2354 2795 unitate
2398 2711 2549 2793 sub-

558 2842 839 2909 stantiae
883 2833 1439 2907 demonstranda
1431 2850 1494 2905 ‘a
1538 2815 1940 2928 legislatore
1987 2855 2176 2908 caute
2220 2833 2552 2927 provisum

534 2966 684 3034 aest,
728 2952 843 3018 ubi
883 2953 1124 3018 dictum
1168 2967 1294 3034 est,
1348 2957 1594 3019 creavit
1639 2976 1792 3019 non
1817 2967 2241 3034 creaverunt,
2288 2959 2552 3018 servata

558 3064 1019 3154 singularitate
1065 3070 1315 3132 numeri
1342 3069 1412 3132 in
1440 3066 1639 3144 verbo
1662 3069 2014 3133 secundum
2045 3071 2364 3134 unitatem
2397 3066 2552 3132 sub-

558 3180 875 3258 stantiae,
913 3181 1205 3262 quamvis
1229 3181 1587 3246 secundum
1629 3181 1909 3246 formam
1948 3184 2229 3246 vocis³et
2259 3179 2552 3245 declina-

535 3291 825 3374 ‚tionem¹
851 3287 1124 3373 pluralis
1169 3292 1422 3356 numeri
1470 3294 1585 3355 sit'.
1645 3290 1756 3356 Sic
1787 3316 1838 3357 ,ο
1883 3291 2551 3370 οοηνοῑεσ,;σιιηιιόὶ-

534 3406 766 3485 citur,
811 3402 1002 3469 turba
1043 3416 1261 3483 ruunt,
1308 3404 1394 3470 ad
1439 3427 1684 3472 nomem
1717 3406 2074 3493 singularis
2114 3405 2552 3471 numeri'2ver-

559 3517 716 3586 bum
774 3514 1051 3600 pluralis
1117 3518 1375 3582 numeri
1434 3516 1835 3601 applicatur,
1898 3522 2097 3604 juxta
2174 3517 2551 3605 intelligen-

561 3630 980 3697 tiam'rerum
1020 3651 1138 3715 per
1179 3652 1417 3696 nomen
1472 3631 1992 3702 substantialiter
2043 3630 2552 3698 intellectarum.

562 3739 994 3829 Tale'igitur
1049 3753 1153 3807 est
1206 3741 1380 3826 Eloy
1444 3716 1731 3821 crearit,
1803 3765 1882 3808 ac
1933 3743 1994 3807 si
2053 3741 2553 3806 diceretur-:tri-

530 3855 737 3924 nitas
782 3858 1059 3936 creavit,
1116 3856 1185 3922 id
1227 3869 1331 3922 est
1373 3869 1726 3939 cooperata
1768 3833 1907 3936 est,
1951 3855 2066 3923 ubi
2109 3868 2179 3921 et:
2217 3859 2442 3923 statim
2481 3859 2553 3921 in

561 3970 988 4057 sequentibus
1030 3969 1383 4037 dictionem
1425 3991 1852 4052 personarum
1872 3969 2200 4049 adnectit,-
2237 3968 2426 4055 quasi
2467 3970 2555 4037 ad

528 4082 1064 4163 „ostendendum
1098 4080 1277 4168 quod
1304 4079 1388 4146 ad
1431 4078 1604 4148 hanc
1633 4080 2391 4166 determinandam'Eloyl
2407 4079 2553 4165 plu·
