2842 4800
533 417 642 493 12

529 585 778 674 gelista
821 589 904 656 de
958 593 1163 659 verbo
1217 596 1425 678 patris
1483 594 1819 662 disserens
1879 595 2051 680 quod
2108 594 2356 661 factum
2395 608 2522 675 est,

529 699 781 784 inquit,
842 704 913 769 in
973 706 1118 789 ipso
1163 707 1301 771 vita
1345 720 1511 772 erat.
1561 707 1711 773 ⁴Sic
1755 720 1823 772 et
1863 707 2246 773 Macrobius
2293 706 2522 773 Plato·

529 829 682 879 nem
726 826 1016 897 secutus,
1059 831 1345 886 mentem
1365 818 1522 899 Dei,
1570 843 1760 906 quam
1789 818 2028 885 Graeci
2059 842 2255 885 noum
2287 825 2525 901 (vouv)

532 923 892 1007 appellant,
940 931 1295 1016 originales
1340 954 1558 999 rerum
1599 936 1895 1015 species,
1943 956 2125 1024 quae·
2153 935 2344 997 ideae
2384 934 2526 996 dic·

529 1046 641 1101 tae
661 1051 836 1121 sunt,
869 1045 1207 1108 continere
1233 1048 1561 1121 meminit;
1611 1061 1981 1131 antequam,
2024 1058 2095 1110 ut
2131 1047 2222 1110 ait
2242 1046 2525 1111 Priscia·
2637 1104 2644 1111 s

528 1167 679 1230 nus,
719 1153 1055 1233 prodirent
1095 1156 1162 1218 in
1209 1176 1526 1239 corpora,
1568 1158 1637 1223 id
1682 1172 1820 1238 est,
1864 1159 1933 1222 in
1976 1158 2215 1223 effecta
2262 1170 2528 1240 operum

526 1268 972 1346 provenirent.
1059 1267 1191 1332 Per
1232 1273 1528 1355 spiritum
1572 1292 1727 1335 vero
1772 1270 2015 1335 domini
2062 1282 2285 1353 aperte
2335 1272 2526 1352 spiri-⁶

531 1384 667 1438 tum
711 1390 1005 1444 sanctum
1047 1381 1359 1461 insinuat,
1405 1382 1473 1445 id
1518 1394 1609 1447 es'
1705 1384 1923 1447 ivinae
1967 1385 2223 1469 gratiae
2268 1380 2521 1469 bonita-

531 1498 687 1552 tem.
774 1488 976 1555 Juxta
1022 1492 1189 1558 hanc
1235 1497 1435 1559 etiam
1480 1494 1861 1580 diligentem
1906 1495 2524 1572 considerationem,

529 1618 675 1666 cum
720 1603 800 1666 ad
848 1604 1283 1670 excellentem
1329 1606 1611 1671 hominis
1657 1609 2050 1672 creationem
2106 1619 2372 1671 ventum
2416 1626 2523 1670 es·

529 1724 670 1794 set,
728 1716 997 1797 provide
1059 1716 1184 1781 hoc
1248 1741 1408 1801 opus
1455 1723 1732 1784 caeteris
1778 1733 2179 1802 anteponens
2224 1731 2293 1782 et
2334 1718 2523 1803 quasi

526 1846 688 1909 Prae
754 1831 1031 1893 caeteris
1098 1824 1597 1912 commendans,
1671 1834 2153 1897 distinctionem
2220 1808 2522 1914 patenter

531 1947 845 2012 trinitatis
889 1948 1072 2029 facit,
1115 1949 1225 2014 ubi
1272 1973 1312 2015 a
1355 1952 1630 2017 domino.
1662 1956 1880 2035 potius
1923 1955 2164 2018 dictum
2210 1965 2348 2032 est,
2393 1952 2521 2017 fa·

533 2061 885 2140 ciamus,
933 2085 1126 2147 quam
1169 2065 1501 2130 faciam.
1579 2065 1695 2130 ‘Ad
1735 2069 2118 2152 imaginem,
2162 2067 2411 2149 inquit,
2457 2077 2524 2129 et

529 2173 1025 2272 sitiiilitudinem
1070 2192 1398 2258 nostram,
1465 2183 1673 2247 virum
1738 2174 1998 2265 q'uidem
2042 2181 2123 2245 ad
2167 2182 2521 2267 imaginem

530 2284 689 2369 Dei,
734 2288 1074 2356 mulierem
1101 2293 1186 2356 ad
1228 2293 1743 2359 similitudinem.
1831 2293 1951 2359 Vir
1983 2295 2299 2377 siquidem
2323 2296 2523 2379 juxta

534 2404 903 2488 apostolum
969 2407 1187 2490 imago
1247 2404 1413 2487 Dei,
1478 2431 1607 2474 non
1669 2408 1926 2474 mulier.
2016 2408 2149 2472 Sed
2191 2411 2359 2473 sicut:
2424 2411 2525 2473 vir

530 2517 752 2605 imago
799 2531 900 2583 est
941 2518 1074 2585 Dei
1117 2523 1213 2587 sic
1254 2534 1322 2585 et
1369 2520 1605 2586 mulier
1646 2523 1866 2609 imago
1913 2533 2015 2588 est
2058 2525 2204 2587 viri.
2290 2522 2522 2610 [mago

534 2633 771 2716 qnippe
818 2654 1133 2715 expressa
1173 2634 1529 2724 similitudo
1575 2633 1854 2721 alicujus
1897 2638 1995 2700 rei
2041 2635 2300 2713 dicitur,
2345 2636 2523 2699 simi-

531 2742 747 2811 litudo
810 2766 971 2812 vero
1035 2747 1163 2813 dici
1226 2759 1446 2831 potest
1498 2751 1624 2813 etsi
1666 2770 1799 2814 non
1840 2748 2113 2814 multum
2154 2748 2264 2827 id,
2335 2723 2523 2832 cujus

535 2871 641 2926 est
681 2859 1061 2941 similitudo,
1106 2864 1450 2944 exprimat.
1539 2859 1733 2937 Quod
1776 2873 1993 2927 autem
2019 2863 2279 2925 nomine
2318 2861 2525 2943 patris

536 2970 761 3038 divina
801 2976 1121 3057 potentia,
1166 2977 1428 3040 nomine
1468 2973 1597 3040 filii
1638 2996 1757 3040 seu
1779 2974 1965 3040 verbi
2007 2975 2229 3040 divina
2264 2974 2527 3056 sapien-

535 3087 654 3165 tia,
699 3088 964 3152 nomine
1007 3088 1270 3170 spiritus
1316 3090 1528 3154 sancti
1577 3088 1799 3153 divina
1840 3086 2375 3175 benignitasseu
2417 3107 2525 3150 ca·

534 3203 699 3268 ritas
742 3202 1122 3285 specialiter
1164 3206 1599 3287 exprimatur,
1659 3226 1780 3269 nec
1833 3225 1956 3269 nos
2001 3204 2355 3269 auctoritas
2403 3220 2527 3264 uec

494 3317 709 3406 ,ratio
775 3314 1189 3402 subterfugit.
1278 3316 1647 3382 Potentiam
1706 3318 1966 3400 quidem
2022 3316 2282 3380 nomine
2324 3314 2527 3396 patris

541 3426 916 3511 specialiter
977 3427 1300 3513 intelligi,
1378 3429 1450 3491 in
1530 3426 1994 3509 explanatione
2059 3422 2382 3507 epistolae
2442 3422 2529 3487 ad

541 3538 892 3623 Ephesios,
933 3539 1043 3606 ubi
1087 3539 1354 3606 dicitur:
1400 3542 1650 3626 gratias
1693 3539 2075 3625 agentes·in
2116 3536 2416 3601 omnibus
2458 3537 2531 3600 in

540 3655 805 3720 nomine
848 3652 1093 3717 domini
1134 3655 1345 3718 nostri
1386 3652 1548 3717 Jesu
1589 3653 1835 3719 Christi
1873 3651 2023 3717 Deo
2067 3651 2385 3734 et‘patri,
2431 3650 2531 3715 ait:

538 3764 810 3846 Heimo,
855 3761 1006 3832 Deo
1050 3776 1121 3831 et
1160 3768 1355 3849 patri,
1408 3766 1479 3831 id
1521 3778 1649 3847 est,
1690 3764 1840 3831 Deo
1876 3766 2304 3846 omnipotenti
2330 3764 2526 3847 patri.

541 3875 880 3946 Maximus
941 3881 1140 3946 etiam
1198 3882 1543 3963 episcopus
1608 3880 1680 3945 in
1734 3879 2148 3962 expositione
2202 3877 2530 3962 symbolis

541 3991 817 4075 Credis,
858 3995 1106 4082 inquit,
1148 3995 1219 4061 in
1259 3993 1476 4063 Deum
1516 4005 1767 4078 patrem
1813 3992 2368 4078 omnipotentem?
2450 3990 2530 4058 In

539 4102 692 4171 Deo
734 4113 969 4178 nutura
1005 4102 1452 4186 innascssiilis,
1520 4108 1591 4174 in
1647 4117 1833 4190 patre
1891 4107 2212 4195 unigeniti
2253 4108 2528 4185 veritas,
