2842 4800
531 397 643 477 64

533 577 865 654 potestate
909 560 1162 630 diaboli
1220 580 1352 627 non
1418 561 1664 641 fuisse,
1726 583 1850 628 nee
1893 562 1975 627 de
2016 565 2165 647 ejus
2204 569 2530 632 servitute

529 682 932 764 redemptum
976 696 1149 741 esse.
1232 672 1439 740 Venit
1481 677 1639 760 er‘go
1682 672 1861 740 filius
1903 674 2072 755 Dei,
2116 697 2247 742 non
2287 689 2359 742 ut
2399 676 2526 743 ho·-

527 797 772 861 minem
795 790 877 856 de
899 798 1230 874 potestate
1254 786 1505 852 diaboli
1532 793 1694 879 (non
1714 787 1952 868 fuisse)
1971 790 2343 871 redimeret,
2375 813 2522 857 eum

422 900 427 907 ’
528 928 654 974 nec
674 907 818 989 ipse
842 901 1146 968 diabolus
1172 902 1452 986 pretium
1474 899 1741 984 aliquod
1759 900 1913 965 inde
1942 902 2291 985 reciperet,
2320 903 2524 967 imme

471 1088 483 1099 ,
526 1002 859 1085 hominem
898 1035 1227 1100 nunquam
1266 1012 1761 1117 reconcilietum
1806 1013 1956 1079 Deo
1998 1014 2243 1095 vellet,
2286 1017 2406 1081 sed
2447 1029 2522 1081 ut

464 1104 483 1135 ξ
527 1154 762 1198 eume
800 1129 1121 1196 servitute
1165 1129 1456 1211 peccati,
1503 1127 1924 1192 dilectionem
1968 1147 2152 1192 suam
2195 1131 2260 1192 ei
2299 1129 2522 1194 infun-

464 1246 473 1265 '
527 1245 716 1324 dens,
757 1241 1133 1320 redimeret,
1178 1252 1252 1304 s'e
1292 1241 1506 1322 ipsum
1548 1242 1823 1322 pretium
1857 1250 1924 1304 et
1965 1238 2247 1305 hostiam
2287 1238 2533 1324 puram

524 1357 696 1441 patri
757 1354 1094 1420 offerendo
1169 1363 1237 1417 et
1293 1350 1640 1417 solvendo.
1744 1350 1893 1416 Hoe
1948 1352 2169 1417 multis
2235 1353 2516 1438 denique

524 1469 737 1539 modis
782 1466 962 1545 aliis,
1007 1458 1127 1531 sed
1168 1463 1351 1531 nullo
1384 1458 1532 1529 ‘tam
1576 1466 1988 1529 convenienti
2030 1464 2252 1530 faeere
2283 1468 2540 1553 potuit-h

523 1581 946 1651 possibilitas
989 1590 1209 1643 tamen
1253 1579 1382 1641 ista
1426 1576 1510 1641 ad
1570 1576 1722 1660 quid
1775 1577 2135 1658 asseratur,
2198 1582 2361 1644 satis
2404 1602 2518 1646 su-

520 1717 767 1780 perque
810 1695 976 1759 satis
1000 1692 1499 1757 determinatum
1544 1711 1692 1755 esse
1718 1690 2025 1756 arbitror.
2094 1690 2257 1758 Cum
2298 1705 2514 1759 autem

523 1807 772 1892 aliquid
814 1804 986 1870 bene
1047 1804 1271 1869 faeere
1337 1801 1529 1867 nobis
1587 1801 1913 1884 sufficiat,
1975 1824 2109 1868 non
2152 1825 2339 1885 eum,
2403 1807 2514 1890 qui

523 1942 773 1987 summe
819 1918 1029 1983 bonus
1074 1929 1214 1996 est,
1268 1918 1410 1981 nisi·
1442 1936 1521 1979 eo
1566 1906 1797 1995 modo,
1844 1938 1969 2001 quo
2015 1915 2250 1984 melius
2295 1931 2518 2001 potest

524 2037 833 2113 evenire,
900 2032 1248 2116 quidquam
1303 2029 1526 2094 faeere
1555 2034 1882 2096 'convenit
1922 2032 2033 2098 vel
2076 2033 2286 2097 decet.
2377 2031 2512 2095 Sed

519 2146 706 2213 nullo
765 2144 1024 2211 meliori
1088 2154 1202 2209 eut
1271 2144 1470 2207 etiam
1514 2154 1646 2207 tem
1690 2142 1863 2207 bono
1906 2145 2101 2209 modo
2148 2143 2509 2227 redemptio

519 2263 654 2327 ista
709 2261 918 2343 potuit
985 2257 1167 2337 fieri,
1244 2278 1438 2341 quam
1498 2258 1559 2320 si
1610 2256 1786 2322 filius
1844 2256 1977 2322 Dei
2035 2255 2230 2323 homo
2294 2257 2510 2323 fieret.

523 2371 690 2440 Cum
729 2370 927 2439 homo
972 2392 1249 2456 namque
1290 2393 1330 2436 a
1371 2382 1644 2454 peceato
1675 2383 1853 2436 esset
1872 2368 2275 2453 liberandus,
2320 2389 2511 2454 opor-

520 2486 742 2566 tebat,
781 2497 855 2551 ut
897 2484 1125 2549 verbis
1156 2484 1563 2567 praedicatio
1608 2495 1675 2548 et
1717 2504 1983 2568 operum
2027 2482 2343 2550 exhibitio
2388 2483 2510 2549 fie-

512 2612 645 2667 ret.
730 2585 920 2666 H'aee
979 2610 1196 2662 autem
1252 2608 1388 2662 tam
1451 2597 1920 2663 convenienter
1981 2598 2320 2680 nequiret,
2381 2597 2510 2662 uisi

518 2710 701 2779 filius
757 2711 891 2778 Dei
965 2708 1162 2774 homo
1226 2707 1448 2773 faetus
1521 2706 1851 2773 hominem
1921 2711 2299 2774 instrueret.
2398 2707 2544 2774 Sic·

519 2828 694 2893 enim
739 2839 808 2893 et
859 2825 1054 2892 homo
1115 2826 1356 2893 melior
1395 2826 1627 2907 fieret,
1687 2838 1755 2891 et
1795 2824 2100 2892 diabolus
2138 2828 2351 2912 magis
2394 2824 2509 2889 do-

513 2939 723 3021 leret,
785 2941 896 3025 qui
962 2951 1206 3025 quanto
1269 2939 1610 3022 meliorem
1666 2936 1995 3003 hominem
2037 2937 2256 3018 videt',
2322 2946 2508 3003 tanto

513 3055 725 3141 magis
769 3053 1046 3132 invidet,
1092 3064 1160 3117 et
1202 3063 1450 3137 quanto
1494 3029 1702 3140 magis
1750 3051 2023 3131 invidet,
2070 3063 2252 3126 tante
2295 3048 2508 3136 magis

515 3163 715 3236 dehet
756 3166 994 3248 puniri.
1081 3164 1204 3230 Est
1247 3176 1315 3231 et
1357 3164 1495 3230 alia
1535 3161 1946 3229 rationabilis
1988 3182 2210 3241 eausa,
2254 3160 2511 3226 scilicet

513 3275 890 3357 humilitas,
923 3263 1148 3361 quia,
1204 3289 1278 3341 ut
1329 3279 1397 3340 in
1441 3274 1797 3341 Ezechiele
1838 3271 2154 3352 habetur,
2210 3296 2343 3339 vox
2400 3294 2510 3338 su·

511 3409 631 3471 per
698 3388 1176 3455 firmamentum
1248 3409 1494 3454 sonans
1561 3387 1706 3454 elas
1780 3398 2088 3452 extensas
2139 3385 2333 3451 -faeit
2407 3387 2510 3450 in·

512 3499 789 3568 clinare.
875 3499 949 3566 Si
1021 3503 1195 3568 enim
1255 3513 1577 3585 martyres
1634 3499 2003 3584 exemplum
2043 3501 2272 3565 mortis
2319 3496 2509 3563 Chri·

509 3614 598 3686 sti
670 3635 803 3680 non
864 3612 1288 3694 habuissent,
1361 3625 1572 3679 morte
1655 3634 1779 3678 sua
1843 3624 2093 3677 tantum
2167 3634 2285 3695 pro
2355 3611 2507 3678 Deo

508 3724 735 3792 {acere
794 3738 1177 3810 putassent,
1250 3749 1376 3812 quo
1433 3726 1582 3811 plus
1637 3726 1877 3811 aliquis
1929 3746 2046 3808 pro
2090 3723 2241 3790 Deo
2287 3723 2510 3789 faeere

507 3858 710 3920 posse
785 3813 1163 3906 nullatenus
1243 3842 1658 3906 aestimaret:
1752 3839 1905 3904 ideo
1989 3849 2174 3903 tanta
2249 3835 2511 3902 humili·

416 3988 440 4017 0
511 3963 617 4018 tes
670 3971 804 4019 mm
860 3964 1064 4019 esset.
1151 3951 1286 4019 Sed
1326 3953 1553 4018 vident
1597 3949 1966 4031 Christum,
2024 3953 2135 4036 qui
2180 3951 2400 4018 omnia
2437 3950 2509 4013 in

506 4083 705 4134 manu
746 4085 870 4132 sua
926 4062 1253 4146 habebnt,
1315 4066 1625 4133 univorsa
1680 4063 2221 4133 contumeliarum
2260 4082 2511 4151 genera
