2842 4800
2203 374 2363 449 109

366 546 479 629 qui
525 567 669 609 cum
708 542 951 608 habeat
990 544 1394 611 medicamen
1441 556 1859 625 apparatum,
1921 557 1987 608 et
2031 543 2203 609 dicat
2257 547 2358 609 iu-

362 658 590 727 firmo:
688 658 876 736 vide,
945 657 1070 720 hoc
1125 660 1667 743 medicamentum
1728 657 2025 722 consulet
2085 659 2358 723 ,sanitati

359 781 552 849 tuae,
616 772 678 833 si
743 773 1109 833 surrexeris
1195 783 1262 833 et
1338 773 1708 852 acceperis:
1777 770 2074 835 infirmus
2134 782 2355 836 autem

364 902 511 944 cum
554 904 999 968 surgere-non
1034 886 1285 965 possit,
1356 882 1521 947 nihil
1564 884 1966 947 medicamen
2032 884 2205 951 illud.
2246 881 2354 949 illi

354 980 611 1080 valebit
653 997 874 1077 sicque
920 1018 1062 1060 cum
1105 1017 1220 1077 per
1252 1018 1335 1059 -se
1376 1018 1644 1080 surgere
1690 1017 1820 1058 non
1866 998 2112 1077 possit,
2167 997 2350 1059 adiu·-

359 1119 578 1193 mento
621 1109 853 1171 medici
897 1111 980 1173 ad
1023 1111 1414 1196 surgendum
1474 1109 1760 1195 indiget,
1820 1121 1891 1172 ut
1950 1110 2353 1173 medicamen

359 1220 640 1300 accipiat
683 1233 749 1283 et
798 1234 1131 1303 acceptum
1176 1223 1302 1285 sibi
1347 1222 1672 1303 proficiat.
1765 1219 2173 1303 Quapropter
2220 1221 2349 1284 nisi

359 1329 683 1410 dicamuS,
731 1333 902 1416 quod
948 1332 1140 1397 homo
1190 1356 1274 1398 ex
1318 1304 1405 1398 se·
1438 1337 1639 1398 etiam
1692 1356 1807 1416 per
1850 1332 2129 1397 liberum
2174 1331 2348 1397 arbi-

357 1446 550 1509 trium
596 1469 680 1511 ex
723 1460 956 1511 natura
996 1469 1117 1512 sua
1162 1447 1404 1513 habeat
1451 1447 1726 1532 diligere
1766 1460 1831 1512 et
1876 1451 1939 1512 ei
1988 1446 2349 1511 adhaerere

355 1579 487 1623 non
542 1579 887 1650 pessumus
951 1561 1204 1638 vitare,
1274 1563 1428 1643 quin
1502 1563 1719 1647 gratia
1790 1562 2038 1627 meritis
2106 1562 2350 1623 nostris

351 1672 805 1754 praejudicare
852 1671 1190 1754 probetur:
1239 1674 1410 1757 quod
1456 1670 1713 1757 quidem
1758 1676 1908 1756 quia
1951 1664 2020 1736 in
2067 1672 2349 1755 epistola

354 1787 442 1850 ad
483 1772 817 1853 Romanos
865 1808 1059 1871 super
1094 1812 1246 1853 ¹eum
1289 1788 1541 1854 locum:
1586 1789 1789 1855 Jacob
1837 1788 2042 1853 dilexi
2085 1803 2213 1853 etc.
2245 1790 2346 1854 di-

350 1898 636 1986 ligenter
679 1882 1017 1983 expressi,
1086 1901 1212 1966 hoc
1276 1905 1462 1986 quasi
1525 1916 1746 1968 notum
1802 1902 2345 1987 praetereundum

359 2012 697 2079 existimo.-
774 2013 847 2077 Si
892 2027 1103 2079 autem
1149 2028 1449 2080 creatura
1494 2016 1576 2105 ad
1619 2017 1967 2101 imaginem
2028 2027 2095 2080 et
2159 2016 2342 2078 simi·

350 2122 688 2190 litudinem
730 2126 864 2201 Dei
905 2127 1081 2193 facta
1124 2150 1209 2195 ex
1252 2131 1354 2195 sui
1400 2140 1637 2193 natura
1677 2130 1887 2212 magis
1949 2128 2031 2193 ad
2098 2125 2344 2192 malum

354 2259 545 2321 quam
588 2238 827 2313 bonum
860 2261 1064 2321 prona
1097 2252 1299 2320 esset,
1342 2242 1410 2304 in
1440 2243 1544 2307 sui
1585 2243 1845 2324 quidem
1888 2254 2118 2304 natura
2162 2240 2348 2329 bona¹

351 2370 483 2415 non
529 2353 866 2416 existeret.
950 2351 1148 2430 Velle
1207 2366 1422 2418 autem
1469 2352 1704 2418 bonum
1746 2356 2092 2436 unicuique
2151 2365 2339 2418 natu-

349 2461 491 2527 rale
549 2477 684 2532 est..
752 2463 954 2530 ⁴Unde
1006 2478 1075 2530 et
1129 2464 1523 2549 Apostolus:
1602 2465 1778 2531 velle
1838 2466 2099 2551 adjacet
2151 2465 2347 2531 mihi.-

1073 2647 1281 2734 Caput
1322 2649 1615 2720 XXXV.

900 2786 990 2842 De
1025 2788 1351 2841 remissione
1398 2769 1777 2856 peecatorum.

512 2917 702 2986 Nunc
742 2918 826 2982 de
870 2919 1275 2992 ‚remissione
1338 2931 1754 3000 peccatorum
1806 2915 2165 2980 videamus,
2254 2912 2331 2977 ln
2387 2987 2388 2990 Ἴ

343 3031 884 3098 reconciliatione
941 3034 1306 3113 peccatoris
1367 3031 1454 3098 ad
1493 3030 1711 3095 Deum
1775 3033 1900 3093 tria
1956 2975 2394 3092 necessaria(

343 3159 531 3222 tunt,
577 3147 790 3210 cordis
834 3147 1179 3223 contritio,
1224 3143 1355 3206 oris
1401 3142 1769 3220 confessio,
1830 3162 2092 3223 operum
2139 3142 2334 3203 satis·
2365 3163 2382 3217 j
2461 3225 2471 3234 ⁴

342 3258 570 3324 factio.
658 3256 891 3321 Gordia
936 3258 1240 3322 contritio
1285 3257 1427 3320 sive
1487 3258 1765 3342 gemitus
1823 3266 1925 3317 est
1982 3253 2132 3317 dum
2179 3230 2376 3334 pec-js

341 3385 525 3437 catur
579 3372 661 3436 de
727 3372 1016 3452 peccatis
1076 3371 1212 3436 suis
1272 3368 1457 3436 dolet
1531 3369 1929 3436 et,interius
2003 3365 2332 3442 turbatur,

342 3484 514 3570 quod
557 3496 697 3562 est,
757 3484 907 3548 dum
949 3494 1285 3574 peccatum
1340 3494 1407 3546 et
1461 3483 1768 3564 iniquitas
1816 3478 2154 3561 displicet,
2201 3497 2334 3539 non

341 3600 571 3664 timore
628 3617 921 3679 poenae,
992 3594 1110 3664 sed
1172 3615 1397 3660 amore
1456 3596 1783 3666 iustitiae3
1844 3591 2134 3673 alioquin
2200 3597 2376 3668 non{

341 3720 447 3773 est
484 3710 700 3773 cordis
742 3710 1046 3774 contritio
1095 3709 1179 3770 ad
1223 3707 1547 3785 salutem,
1592 3707 1711 3771 sed
1754 3707 1994 3771 mentis
2041 3695 2514 3778 c,onster-,¹''·”

339 3821 520 3886 natio
567 3821 651 3886 ad
695 3822 1213 3888 damnationem,
1287 3820 1400 3885 Sic
1429 3820 1616 3896 ‚enim
1661 3833 1727 3883 et
1769 3818 1928 3890 mali
1975 3799 2052 3881 iii
2087 3803 2324 3879 'futuro

342 3933 699 4012 delebunt,
758 3953 889 3998 nou
945 3934 1027 4000 de
1079 3944 1352 4015 peccato
1434 3954 1562 4016 quo
1604 3933 1822 4006 Deum
1876 3928 2336 4009 offenderunt2
2403 3969 2406 3972 -

338 4045 459 4116 flod
500 4045 584 4113 de
624 4043 801 4126 hoo,
830 4079 839 4114 ;
866 4044 1049 4131 quod,
1082 4056 1199 4120 est,
1223 4057 1635 4140 peccatum„
1666 4047 1811 4131 «pia
1855 4041 2008 4110 inde
2049 4052 2322 4138 punim-
