2842 4800
2194 370 2328 438 XV

335 559 406 638 si
482 575 896 662 nunquam
980 542 1373 654 ejusmodi
1445 542 1768 625 titulum
1839 542 2047 626 libro
2122 575 2174 628 a
2248 576 2336 631 se

186 738 207 749 2
337 704 643 811 scripto
682 692 1252 806 proposuerit,
1290 690 1834 794 contendere,
1866 692 2340 778 Bernardus

340 861 635 929 contra
685 843 856 923 sine
903 865 1191 929 errore
1249 851 1690 918 tractatum
1725 839 2154 948 quendam,
2208 842 2342 952 qui

349 993 584 1076 titulo
629 986 1353 1094 „Sententiarum“
1402 1012 1571 1064 non
1630 1012 1681 1065 a
1738 986 1983 1065 Petro
2044 987 2183 1068 sed
2233 991 2346 1075 ab

345 1139 505 1223 alio
533 1135 907 1261 ‘quodam
964 1132 1295 1256 homine
1347 1130 1776 1239 insignitus
1814 1146 2035 1233 erat,
2082 1135 2345 1218 Abae-

343 1285 576 1369 lardo
600 1306 609 1315 “
630 1281 1094 1363 adscribere
1125 1279 1409 1389 potuit.
1508 1279 1690 1358 Huc
1729 1279 2098 1397 accedit,
2132 1282 2350 1391 quod

343 1428 815 1515 Bernardus
864 1428 947 1507 in'
1014 1425 1111 1505 iis
1172 1424 1413 1525 locis,
1474 1424 1559 1503 in
1619 1426 1906 1534 quibus
1958 1425 2058 1507 de
2114 1429 2348 1510 titulo

347 1579 538 1659 libri
573 1601 847 1658 sermo
893 1574 995 1652 sit
1019 1632 1043 1674 ,
1107 1598 1282 1651 -non
1321 1572 1514 1650 satis
1555 1572 1980 1681 perspicue
2015 1601 2113 1655 ac
2164 1575 2352 1657 defi.

351 1726 519 1806 nite
561 1725 921 1833 loquitur
959 1721 1151 1831 (cfr.
1184 1736 1461 1802 annot.
1504 1750 1584 1800 n.
1629 1721 1753 1829 4).

577 1874 849 1985 Quum
883 1869 1135 1980 igitur
1170 1882 1511 1948 externa
1543 1868 2169 1950 testimonianon
2227 1897 2354 1959 re-

350 2015 652 2115 futent,
701 2014 1250 2097 Abaelardum
1295 2011 1639 2115 librum„
1689 2013 1824 2124 qui
1864 2014 2354 2113 adversariis

354 2158 532 2273 ejus
561 2177 801 2272 atque
836 2160 1011 2241 aliis
1045 2155 1246 2239 viris
1281 2158 1537 2239 doctis
1572 2158 1722 2237 sub
1755 2158 1988 2239 titulo
2019 2159 2359 2261 Sentenf·

354 2309 655 2388 tiarum
693 2309 1267 2406 innotesceret,
1319 2307 1901 2415 composuisse,
1941 2334 2200 2417 porro
2242 2307 2360 2388 in·-

356 2452 843 2566 quirendum
870 2537 877 2544 ,
899 2454 1058 2533 erit
1077 2512 1101 2553 ,
1156 2479 1353 2532 num
1385 2453 1712 2535 interna
1769 2453 2250 2552 testimonia,
2277 2453 2363 2550 id

360 2597 715 2710 probent
747 2624 844 2677 ac
881 2598 1276 2706 flagitent,
1310 2597 1443 2688 vel
1485 2626 1684 2679 num
1719 2599 2026 2681 diserta
2067 2600 2363 2681 indicia

359 2746 451 2825 in
483 2771 581 2826 eo
616 2743 908 2845 adsint,
944 2743 1161 2836 hunc
1196 2741 1499 2824 librum
1520 2770 1628 2840 ex
1649 2743 2086 2828 Abaelardi
2115 2772 2364 2844 manu
2395 2835 2404 2842 ι

364 2890 790 3001 prodiisse.
2107 2981 2116 2990 δ
2341 2981 2350 2990 ι

601 3036 732 3118 Ad
780 3035 997 3118 hanc
1046 3034 1604 3145 quaestionem
1653 3034 2125 3134 solvendam
2176 3050 2365 3138 ante

364 3182 649 3262 omnia
705 3181 928 3262 locus
998 3176 1554 3289 respiciendus
1630 3184 1787 3285 erit
1837 3179 1911 3233 ¹⁰)
1937 3240 1962 3284 ,
2038 3182 2126 3262 in
2204 3210 2365 3294 quo

369 3340 660 3406 auctor
695 3326 937 3406 libelli
963 3325 1237 3406 nostri
1273 3351 1361 3406 se
1394 3327 1663 3435 ipsum
1718 3328 2084 3424 nominat
2123 3342 2368 3440 atque

368 3443 855 3556 accuratius*
880 3471 1269 3581 depingit.
1357 3473 1574 3552 Dicit
1625 3471 1882 3552 enim:
1944 3472 2161 3582 quod
2177 3573 2186 3580 Δ
2202 3474 2371 3584 quie

371 3614 588 3718 dem,
621 3585 811 3729 quia
844 3612 931 3698 in
977 3617 1329 3727 epistola·
1348 3617 1453 3701 ad
1469 3619 1884 3701 Romanos
1912 3603 2373 3728 supereum

367 3761 682 3843 locum=
759 3762 1014 3846 Jacob
1073 3759 1319 3848 dilexi
1372 3765 1528 3847 rel.
1577 3762 1651 3817 ¹¹³
1728 3762 2159 3875 diligenter
2235 3789 2373 3846 ex-

372 3984 486 4060 10)
546 4002 605 4045 c.
645 3979 904 4070 XXIV.

372 4086 488 4164 11)
542 4081 786 4156 Abael.
836 4084 1203 4177 Comment.
1249 4089 1317 4154 in
1363 4109 1467 4171 ep.
1517 4086 1601 4153 ad
1644 4087 1833 4155 Rom.
1863 4106 2011 4170 opp.
2056 4107 2124 4168 p.
2151 4083 2371 4152 646ss
