2842 4800
2213 406 2436 487 ‘a'

919 623 931 638 .
1073 575 1283 660 Caput
1338 574 1563 643 XVII.
1845 575 1887 613 Ι

320 692 541 752 Probat
571 691 943 759 auem-ime,
992 689 1249 764 spiritum
1281 697 1540 782 sanctum
1570 688 1880 764 procedere
1914 705 1955 749 a
1991 690 2107 753 nuo
2122 728 2145 761 ,
2178 692 2356 753 dut

460 807 500 848 a
533 795 717 862 patre.
2197 792 2216 817 ⁸

493 923 788 990 ostenso
835 942 992 1006 ergo
1044 919 1326 1006 qualiter
1357 918 1631 987 Graecis
1662 920 1888 987 valeat
1912 922 2327 1007 responderi,

320 1038 621 1122 spiritum
686 1047 980 1101 sanctum
1052 1055 1094 1099 a
1166 1033 1309 1099 filio
1375 1055 1636 1119 quoque
1701 1036 2103 1117 procedere,
2188 1038 2334 1105 nixi

325 1147 827 1215 auctoritatibus
899 1146 1447 1211 demonstremus.
1551 1145 1836 1212 Primum
1904 1170 2064 1235 ergo
2120 1151 2332 1232 ipsius

321 1264 627 1329 veritatis
670 1258 1200 1347 irrefragabilem
1244 1262 1700 1324 auctoritatem
1740 1261 2149 1325 inducamus.
2219 1260 2338 1347 Αἰς

325 1394 646 1457 namque,
692 1395 837 1438 cum
880 1370 1221 1454 apostolos
1265 1373 1679 1450 insufflavit,
1721 1354 1997 1456 accipite
2036 1377 2337 1460 spiritum

238 1542 255 1555 .
327 1502 651 1555 sanctum.
739 1488 888 1556 Nisi
933 1491 1109 1555 enim
1153 1501 1219 1552 et
1263 1488 1344 1553 ab
1403 1511 1485 1552 eo
1543 1490 1975 1587 procederet,
2039 1509 2169 1553 non
2216 1505 2336 1553 eos
2383 1521 2396 1531 -
2489 1543 2496 1554 .

323 1604 733 1671 insufflando
778 1606 1076 1686 spiritum
1121 1606 1217 1669 eis
1266 1603 1606 1667 tribueret.
1698 1601 1850 1667 Hoc
1884 1605 2084 1666 etiam
2123 1598 2336 1684 Didy-

323 1736 470 1782 mus
552 1717 812 1800 qnidam
892 1716 1246 1781 eorundem
1306 1714 1710 1810 Graecorum
1798 1727 2026 1780 auctor
2105 1725 2335 1797 aperte

332 1829 646 1909 ostendit,
692 1850 838 1894 cum
876 1831 945 1893 in
992 1829 1273 1913 quodam
1316 1850 1438 1893 suo
1467 1840 1777 1909 tractatu,
1821 1842 1894 1894 ut
1932 1828 2136 1893 editio
2177 1827 2335 1892 inde

331 1941 515 2007 sacta
557 1953 829 2019 tractat,
875 1943 1172 2023 spiritum
1215 1955 1511 2006 sanctum
1557 1963 1599 2007 a
1640 1954 1827 2024 patre
1871 1940 2336 2024 procedentem

333 2055 511 2119 dicat
554 2067 620 2118 et
666 2031 917 2119 a'filio.
1007 2053 1328 2120 Similiter
1374 2052 1934 2138 chrysostomus,
1979 2056 2090 2137 qui
2135 2055 2339 2118 etiam

338 2164 658 2231 Graecus.
722 2164 1131 2237 Athanasius
1178 2190 1435 2252 quoque
1466 2169 1759 2250 spiritns,
1802 2170 2037 2251 inquit,
2086 2188 2124 2232 a
2151 2178 2340 2249 patro
2421 2210 2424 2215 -

274 2294 281 2299 ’
336 2290 406 2345 et
447 2279 639 2360 filio,
711 2299 844 2343 non
908 2279 1166 2359 factus,
1236 2281 1713 2367 nonrgenitus,
1786 2279 1907 2343 sed
1948 2279 2344 2369 procedens.

336 2389 534 2469 Quod
574 2394 673 2458 sic
714 2390 1002 2480 intelligi
1046 2392 1289 2472 debet,
1350 2394 1622 2475 spiritus
1674 2413 1806 2456 non
1869 2405 1972 2458 est
2025 2391 2252 2457 factus
2295 2413 2346 2456 a.

333 2517 524 2587 patre
587 2516 655 2571 et
709 2504 891 2585 filio,
957 2504 1218 2572 scilicet
1281 2526 1413 2570 non
1477 2518 1581 2570 est
1633 2508 1897 2593 genitus
1958 2529 2000 2571 a
2041 2520 2232 2589 patre
2273 2519 2342 2571 et

333 2616 516 2697 filio,
592 2617 900 2684 similiter
942 2620 1048 2684 -ad
1109 2631 1454 2703 utrumque
1522 2618 1718 2683 dehet
1787 2621 2156 2703 respicere,
2220 2617 2342 2683 sed

335 2742 441 2797 est
495 2729 859 2813 procedens
923 2755 966 2799 a
1016 2746 1207 2816 patre
1275 2733 1578 2798 et‘filio.
1681 2731 1896 2797 Aliter
1968 2754 2100 2796 non
2170 2730 2346 2796 bene

323 2844 684 2934 junxisset.
773 2842 1146 2910 Notandum
1211 2858 1469 2923 tamen,
1528 2844 1708 2928 quod,
1759 2847 1973 2909 nostri
2035 2855 2346 2909 auctores

335 2976 472 3021 non
533 2979 655 3039 pro
718 2956 926 3023 nihilo
1016 2958 1145 3022 hoc
1208 2959 1460 3023 dixisse
1520 2945 2146 3054 consideraverunt(
2230 2956 2347 3021 Ait:

336 3088 618 3152 namque
659 3068 1066 3156 Augustinus
1111 3082 1181 3135 et
1221 3073 1457 3135 iterum
1506 3068 1981 3152 Hieronymus:
2039 3070 2344 3152 spiritum

334 3192 635 3246 sanctum
676 3204 720 3246 a
762 3181 905 3246 filio
951 3194 1018 3245 et
1059 3193 1245 3264 patre
1295 3182 1681 3263 procedere,
1736 3181 1852 3246 sed
1895 3180 2348 3264 principaliter

339 3314 382 3358 a
424 3306 631 3376 patre.
723 3293 1021 3360 Hilarius
1069 3318 1324 3380 quoque
1387 3296 1499 3380 qui
1537 3297 1703 3360 istos
1745 3298 2105 3379 praecessit
2143 3295 2348 3381 longo

339 3418 408 3471 et
447 3407 596 3471 ideo
645 3406 921 3471 Graecis
963 3408 1174 3474 adhuc
1210 3410 1515 3486 vicinior,
1559 3409 1858 3491 spiritum
1900 3407 2259 3491 procedere
2304 3428 2347 3473 a

338 3531 527 3602 patre
586 3542 703 3603 per
764 3519 976 3586 filium
1033 3521 1222 3589 dixit.
1310 3522 1398 3587 Et
1460 3521 1632 3586 bene
1677 3523 1935 3605 quidem
1980 3524 2135 3606 quia
2174 3522 2348 3586 sicut

339 3631 568 3718 aliqua
610 3654 781 3718 aqua
824 3656 910 3700 ex
951 3635 1144 3699 fonte
1185 3635 1544 3718 procedere
1577 3634 1812 3700 dicitur
1839 3646 1908 3700 et
1937 3656 2056 3718 per
2081 3634 2346 3699 alveum

342 3747 436 3826 it,
481 3747 580 3811 sic
622 3749 893 3830 spiritus
937 3755 1208 3813 sanctus
1246 3760 1319 3812 ut
1362 3769 1404 3812 a
1446 3761 1634 3832 patre
1678 3759 1746 3811 et
1788 3769 1877 3814 ex
1921 3769 2047 3829 eo,
2092 3746 2202 3830 qui
2241 3757 2349 3811 est

338 3859 762 3942 principium,
824 3879 960 3926 non
1033 3860 1116 3925 de
1172 3863 1493 3946 principio
1551 3883 1668 3945 per
1729 3859 1941 3928 filium
1986 3858 2346 3944 procedere

341 3970 604 4054 dicitnr,
633 3974 810 4058 quia,
839 3973 1146 4060 quiequid
1170 3975 1431 4062 gratiae
1461 3973 1652 4041 nobis
1682 3973 1939 4041 confert
1963 3969 2081 4056 pe‘r
2108 3971 2344 4050 fitium.

340 4095 423 4149 nt·
453 4105 572 4167 per
611 4084 1041 4153 mediatorem
1086 4086 1214 4154 hoo
1255 4086 1442 4158 facit.
1516 4086 1751 4156 Poto-t
1793 4088 1992 4154 etiam
2022 4084 2154 4158 hoc
2187 4085 2343 4170 diei,
