2842 4800
520 411 632 485 to

519 580 785 647 divinae
846 582 1219 666 majestatis
1297 585 1595 667 potentia
1660 581 2043 667 specialiter
2110 584 2517 667 exprimitur,

512 692 620 757 sie
658 690 787 758 filii
843 713 967 759 seu
1030 695 1216 761 verbi
1260 693 1706 779 appellatione
1748 694 1881 761 Dei
1923 697 2256 779 sapientia
2291 690 2521 784 genita

519 810 972 897 significatur,
1038 834 1165 897 qua
1209 814 1308 877 sic
1348 826 1581 879 cuncta
1624 812 2001 880 discernere
2042 811 2271 895 valet,
2341 825 2409 878 ut
2449 816 2518 879 in

519 921 705 988 nullo
749 927 1009 1007 penitus
1051 926 1263 1008 decipi
1319 939 1540 1010 queat.
1629 925 1720 990 At
1777 950 1934 993 vero
1982 927 2262 1011 Spiritus
2304 931 2521 992 sancti

521 1038 786 1102 nomine
828 1039 975 1120 ipsa
1016 1040 1161 1123 ejus
1223 1042 1464 1104 caritas
1528 1039 1635 1106 vel
1682 1040 2055 1128 benignitas
2100 1040 2181 1105 ab
2229 1042 2520 1125 utrisque

519 1150 898 1232 procedens·
930 1163 1258 1232 censetur,
1308 1152 1484 1236 quod
1528 1152 1787 1218 scilicet
1831 1176 1911 1217 eo
1954 1153 2150 1218 modo
2194 1151 2339 1218 vult
2383 1174 2520 1219 om·

521 1264 632 1330 nia
675 1270 1062 1349 provenire,
1124 1289 1251 1352 quo
1307 1267 1543 1334 melius
1588 1258 1865 1352 possint.
1953 1268 2105 1335 Non
2153 1250 2256 1337 est
2299 1281 2519 1335 autem

521 1381 1354 1464 perfectusinomnibus,
1418 1385 1529 1467 qui
1588 1386 1659 1448 in
1705 1382 1924 1466 aliquo
1968 1385 2292 1465 impotens
2334 1385 2519 1446 inve-

522 1495 719 1574 nitur,
766 1516 888 1559 nec
932 1494 1221 1577 perfecte
1267 1495 1499 1560 beatus
1545 1510 1682 1575 est,
1756 1499 1867 1580 qui
1922 1498 1993 1560 in
2037 1494 2258 1579 aliquo
2301 1506 2521 1576 potest
2597 1486 2621 1499 ‘

524 1605 771 1691 decipi,
847 1629 968 1672 nec
1019 1611 1278 1691 penitus
1343 1607 1668 1694 benignus
1727 1622 1866 1688 est,
1937 1610 2046 1692 qui
2089 1610 2334 1692 optime
2374 1606 2523 1673 fieri

525 1723 747 1785 omnia
791 1741 879 1784 ac
914 1721 1170 1804 disponi
1215 1743 1347 1786 non
1391 1721 1554 1786 vult.
1644 1719 1774 1787 Ubi
1817 1743 1977 1787 vero
2006 1721 2171 1787 haec
2202 1723 2330 1786 tria
2365 1741 2521 1787 con-

524 1833 821 1911 veniunt,
867 1846 937 1897 ut
981 1847 1113 1899 tam
1154 1818 1414 1898 scilicet
1436 1837 1732 1918 potentia
1761 1858 1952 1919 quam
1982 1836 2303 1918 sapientia
2331 1857 2522 1919 quam

527 1942 703 2009 bona
744 1944 1085 2010 voluntate
1134 1949 1222 2011 sit
1272 1937 1645 2031 perfectus,
1709 1946 1874 2011 nihil
1936 1947 2091 2012 boni
2151 1958 2287 2027 est,
2348 1946 2522 2030 qnod

528 2061 678 2145 ejus
722 2060 1112 2143 plenitudini
1156 2062 1350 2126 (lesit.
1442 2060 1614 2127 Tale
1663 2074 1768 2131 est
1811 2084 1969 2148 ergo
2015 2062 2230 2127 Deum
2271 2075 2522 2145 patrem

464 2252 471 2263 ,
531 2193 610 2238 ac
654 2172 863 2239 filium
930 2194 1011 2238 ac
1058 2177 1357 2256 spiritum
1411 2189 1708 2240 sanctum
1771 2196 1892 2239 nos
1949 2175 2279 2258 profiteri,
2346 2196 2424 2239 ac
2466 2176 2527 2238 si

526 2286 765 2369 ipsum,
809 2298 882 2352 ut
924 2287 1169 2353 dictum
1210 2299 1337 2367 est,
1382 2310 1699 2354 summum
1745 2287 1985 2352 bonum
2031 2310 2215 2367 esse,
2261 2287 2523 2369 praedi·

528 2418 793 2480 cemus,
867 2403 972 2466 cui
1028 2414 1357 2487 tamquam
1412 2403 1730 2468 bonorum
1794 2406 2080 2468 omnium
2137 2402 2524 2486 plenitudini
2601 2451 2616 2464 ,

530 2512 992 2580 nichil-desit.
1088 2509 1233 2581 Nec
1301 2514 1516 2581 solum
1581 2515 1743 2580 haec
1812 2518 2123 2580 trinitatis
2190 2516 2523 2580 distinctio

532 2626 619 2691 ad
673 2629 906 2692 summi
961 2627 1116 2693 boni
1180 2609 1650 2711 perfectionem
1703 2641 1777 2692 ut
1835 2630 2075 2696 dictum
2134 2641 2236 2695 est
2280 2628 2528 2693 descri-

412 2796 418 2802 .
533 2739 815 2806 bendam
859 2744 1186 2822 convenit,
1230 2763 1457 2806 verum
1501 2745 1701 2808 etiam
1746 2742 1831 2807 ad
1864 2743 2378 2827 persuadendam
2407 2740 2526 2806 ho-

533 2853 818 2919 minibus
879 2856 1082 2919 divini
1128 2854 1342 2943 cultus
1384 2858 1892 2939 perfectionem,
1959 2861 2058 2935 (ut
2110 2854 2527 2941 religionem)

531 2965 881 3052 plurimum
923 2967 1207 3052 proficit,
1253 2982 1328 3034 ut
1369 2968 1453 3034 ob
1501 2968 1626 3034 hoc
1669 2971 2016 3052 praecipue
2059 2971 2205 3051 ipsa
2247 2965 2380 3033 Dei
2421 2988 2530 3033 sa·

530 3084 783 3169 pientia
835 3085 1184 3147 incarnata
1238 3084 1307 3147 in
1361 3083 1847 3166 praedicatione
1910 3103 2032 3145 sua
2076 3103 2157 3145 ea
2195 3092 2372 3144 recte
2416 3079 2529 3143 de-

538 3198 858 3262 crevisset
917 3216 1276 3261 assumere.
1384 3194 1540 3261 Duo
1607 3198 1840 3281 qnippe
1902 3205 2092 3273 sunt,
2157 3215 2336 3280 ‘quae
2406 3211 2530 3255 nos

420 3371 430 3386 ,
538 3311 803 3375 omnino
848 3310 1111 3373 domino
1156 3306 1497 3394 subjectos
1543 3308 1873 3374 efficiuntt
1933 3305 2164 3371 Timor
2219 3302 2532 3370 videlicet

537 3433 735 3506 atque
795 3443 999 3488 amor.
1101 3421 1415 3487 Potentia
1478 3422 1797 3506 siquidem
1857 3435 1925 3486 et
1999 3421 2329 3503 sapientia
2392 3439 2531 3484 ma·

534 3539 719 3605 xime
761 3540 1060 3601 timorem
1099 3538 1446 3615 incutiunt,
1490 3556 1637 3600 cum
1681 3556 1828 3602 eum
1863 3534 2153 3619 judicem
2184 3553 2334 3598 esse
2380 3553 2533 3597 sen·

538 3650 736 3715 timus
781 3662 852 3714 et
893 3669 1065 3735 quae
1108 3650 1399 3715 voluerit
1456 3649 1674 3715 omnia
1728 3669 1925 3732 posse
1982 3648 2211 3730 punire
2267 3646 2535 3722 scimus,

542 3776 614 3829 et
655 3761 827 3829 nihil
886 3785 1035 3829 eum
1088 3761 1302 3829 latere
1358 3763 1844 3850 cognoscimus.
1929 3757 2315 3846 Benignitas
2371 3776 2534 3822 vero

538 3878 630 3945 ad
670 3897 958 3945 amorem
997 3877 1320 3960 pertinet,
1364 3888 1476 3957 ut,
1520 3898 1712 3963 quem
1750 3874 2291 3963 benignissimum
2332 3869 2537 3937 habe-

542 4013 728 4075 mus,
798 3992 1209 4076 potissimum
1258 3988 1648 4077 diligamus,
1718 4007 1807 4056 ex
1865 4008 1993 4074 quo
2039 3988 2239 4055 etiam
2281 3983 2556 4051 adverti·

536 4117 763 4194 potest
805 4125 954 4179 eum
992 4107 1063 4172 in
1102 4106 1351 4190 pietate
1390 4101 1629 4171 ulcisci
1672 4100 1875 4185 velle,
1923 4102 2075 4187 quia
2116 4120 2245 4186 quo
2281 4096 2444 4182 plus·
2475 4097 2538 4161 ei
