2842 4800
462 504 663 575 Hunc
706 519 779 572 et
816 507 1053 575 beatus
1099 505 1462 596 Gregorius
1524 495 1787 575 secutus
1843 512 1914 575 in
1975 510 2277 594 symbolo
2323 516 2459 598 epi-

461 620 658 688 stolis
723 623 860 687 suis
926 623 1329 705 praescripto
1406 623 1702 685 meminit
1761 620 2033 705 dicens:
2117 622 2458 693 Credimus

463 735 763 819 spiritum
805 748 1102 800 sanctum
1159 755 1283 800 nec
1332 737 1629 823 genitum
1697 757 1822 800 nec
1876 737 2239 822 ingenitum
2283 760 2458 820 esse,

464 846 1050 913 sed-coaeternum
1092 847 1173 912 de
1218 859 1403 930 patre
1451 860 1519 911 et
1559 846 1701 912 filio
1737 850 2223 930 procedentem.
2294 848 2460 917 Cum

462 971 686 1026 autem
729 980 1154 1044 unaquaeque
1197 959 1427 1026 harum
1485 946 1909 1044 personarum
1951 965 2040 1026 sit
2078 962 2310 1043 Deus,
2371 965 2461 1033 sit

467 1074 791 1151 dominus,
835 1076 926 1138 sit
968 1086 1250 1153 creator,
1294 1095 1416 1137 nec
1459 1096 1592 1139 una
1623 1095 1905 1156 persona
1933 1077 2020 1141 sit
2045 1074 2283 1154 altera,
2329 1096 2463 1143 non

467 1198 605 1252 tam
645 1186 799 1251 ideo
843 1186 1064 1269 plures
1109 1188 1199 1252 dii
1243 1185 1353 1251 vel
1397 1187 1640 1251 domini
1687 1191 1880 1266 sunt}
1941 1210 2060 1253 seu
2104 1201 2460 1268 creatores,

469 1300 641 1364 sicut
699 1296 922 1381 plures
985 1310 1139 1363 sunt
1201 1320 1553 1382 personae.
1662 1297 1917 1382 Quippe
1977 1322 2128 1385 ‚cum
2183 1300 2462 1391 >dicimus

469 1408 658 1478 Deos
702 1422 768 1476 et
812 1411 1109 1476 dominos
1153 1423 1267 1476 aut
1310 1424 1680 1490 creatores,
1741 1413 2084 1496 quemdam
2126 1435 2462 1479 numerum

469 1543 690 1590 rerum
734 1524 1162 1604 ostendimus,
1207 1546 1478 1608 quarum
1521 1546 1948 1610 unaquaeque
1991 1525 2177 1592 Deus
2222 1529 2310 1590 sit
2354 1539 2467 1591 aut

473 1635 798 1717 dominus,
841 1648 953 1703 aut
996 1649 1290 1716 creator,
1338 1660 1482 1702 cum
1522 1640 1590 1702 in
1637 1639 1976 1703 divinitate
2024 1636 2208 1704 nulla
2250 1661 2465 1706 rerum

472 1751 686 1833 possit
722 1770 873 1814 esse
932 1749 1309 1833 multitudo.
1393 1750 1588 1819 Unde
1644 1763 1709 1816 et
1752 1750 2153 1816 individuam
2197 1752 2465 1816 dicimus

476 1863 858 1927 trinitatem.
933 1860 1098 1927 Cum
1130 1884 1286 1928 vero
1330 1862 1572 1928 multas
1617 1866 1682 1927 in
1707 1863 1855 1928 Deo
1899 1863 2280 1946 profitemur
2324 1886 2469 1945 per-

477 1997 706 2057 sonae,
748 1978 1211 2059 proprietatem
1256 1997 1387 2041 non
1431 1998 1649 2041 rerum
1692 1975 2171 2040 multitudinem
2203 1975 2468 2039 demon-

477 2101 784 2156 stramus.
873 2086 1215 2183 Quaedam
1277 2112 1438 2176 ergo
1499 2090 1580 2154 de
1626 2089 1903 2178 singulis
1948 2102 2199 2154 tantum
2245 2089 2469 2153 dicun-

477 2218 585 2272 tur
623 2203 947 2289 personis,
988 2215 1061 2267 ut
1101 2205 1435 2291 ingenitus
1479 2205 1560 2269 de
1605 2203 1751 2268 solo
1774 2216 1983 2287 patre,
2031 2204 2291 2288 genitus
2324 2203 2471 2266 sive

475 2319 856 2384 incarnatus
905 2315 987 2380 de
1043 2315 1189 2381 solo
1248 2315 1430 2395 filio,
1488 2317 1846 2400 procedens
1905 2314 1986 2381 ab
2044 2326 2317 2398 utroque
2387 2314 2468 2379 de

478 2430 628 2497 solo
674 2432 906 2514 spiritu
947 2440 1213 2505 sancto;
1275 2429 1595 2513 quaedam
1662 2431 2057 2513 conjunctim
2112 2440 2361 2493 tantum
2406 2439 2473 2493 et

478 2543 1070 2631 nonsingillatim,
1113 2554 1185 2607 ut
1224 2543 1482 2609 trinitas
1524 2542 1720 2608 simul
1768 2542 1850 2607 de
1885 2539 2092 2605 tribus
2134 2544 2467 2624 personis;

484 2660 803 2746 quaedam
847 2673 982 2726 tam
1018 2662 1416 2748 'conjunctim
1463 2682 1657 2744 quam
1704 2660 1963 2724 divisim
2009 2657 2091 2722 de
2133 2658 2229 2721 eis
2267 2676 2474 2738 aeque

482 2773 806 2853 dicuntur,
849 2785 919 2837 ut
941 2771 1151 2851 Deus,
1197 2785 1475 2852 creator,
1524 2772 1844 2851 dominuS,
1894 2772 2326 2851 omnipotens,
2363 2789 2477 2831 sa-

481 2889 773 2972 pientia,
816 2889 1021 2952 virtus
1068 2898 1195 2951 etc.
1222 2931 1242 2950 .
1331 2885 1559 2951 Solum
1603 2906 1761 2951 vero
1807 2884 1931 2948 hoc
1974 2904 2255 2961 nomen,
2304 2882 2476 2965 quod

486 3011 593 3065 est
632 2996 937 3082 persona,
980 2997 1320 3082 pluraliter
1360 2998 1749 3082 proferimus
1775 3042 1797 3076 ‚
1845 3017 1987 3059 cum
2031 2992 2289 3059 scilicet
2336 2991 2478 3075 plu-

486 3132 596 3181 res
640 3132 958 3196 personas
999 3111 1446 3194 profiteamur,
1497 3133 1624 3177 non
1652 3111 1835 3176 Deos
1880 3119 1992 3173 aut
2033 3107 2329 3172 dominos
2357 3124 2480 3168 nec

485 3222 695 3291 ullam
774 3226 842 3288 in
933 3227 1167 3289 ceteris
1249 3223 1694 3308 pluralitatem
1766 3224 2177 3303 recipiamus.
2284 3216 2479 3283 Unde

485 3335 894 3424 Augustinus
952 3336 1034 3400 de
1099 3338 1392 3401 trinitate
1457 3335 1629 3401 libro
1694 3332 1846 3399 vn.
1915 3354 1972 3396 c.
2020 3336 2085 3395 6.
2144 3341 2329 3413 pater
2394 3328 2479 3393 ad

489 3471 568 3518 se
635 3448 872 3514 dicitur
933 3470 1253 3532 persona,
1323 3470 1446 3514 nec
1491 3447 1577 3512 ad
1620 3445 1829 3511 filium
1891 3442 2003 3507 vel
2047 3441 2129 3507 ad
2185 3442 2483 3524 spiritum

489 3535 808 3627 ¹sanctum.
863 3558 1033 3626 Item
1055 3559 1181 3628 hoc
1202 3559 1417 3625 solum
1444 3580 1679 3624 nomen
1706 3568 1830 3635 est,
1864 3555 2033 3640 quod
2064 3575 2203 3618 cum
2233 3554 2482 3618 dicatur

491 3672 575 3742 de
600 3671 878 3760 singulis
905 3674 987 3738 ad
1004 3696 1079 3739 se
1101 3672 1463 3757 pluraliter,
1482 3693 1615 3737 non
1638 3669 2061 3757 singulariter
2084 3668 2394 3749 accipitur
2414 3666 2482 3730 in

490 3806 767 3852 summa.
829 3785 1121 3854 Dicimus
1146 3808 1459 3872 namque:
1505 3798 1691 3869 pater
1714 3795 1817 3847 est
1839 3802 2145 3864 persona,
2172 3778 2354 3844 filius
2378 3792 2483 3842 est

488 3919 799 3983 persona,
842 3899 1108 3983 spiritus
1134 3912 1400 3966 sanctus
1436 3911 1540 3963 est
1564 3917 1880 3981 persona3
1922 3906 2111 3980 pater
2153 3903 2372 3957 tamen
2417 3900 2518 3960 et.

492 4008 671 4080 filiu·
713 4021 783 4078 et
804 4012 1068 4098 spiritus
1091 4022 1358 4080 sanctus
1382 4032 1517 4080 non
1539 4022 1849 4092 suntuna
1876 4027 2164 4094 persona
2176 4003 2296 4090 sed
2324 4013 2484 4074 ατοῦ·
