2842 4800
538 581 728 652 sunt,
790 589 959 656 quae
1003 573 1378 658 conjugium
1418 573 1818 654 impediunt,
1880 579 2224 662 cognatio,
2284 591 2537 661 votum,

229 718 233 723 ·
320 670 354 717 x*
540 686 740 765 ordo,
782 685 1134 770 frigiditas,
1224 685 1427 765 Sunt,
1473 689 1584 769 qui
1626 690 1695 751 in
1739 701 1996 754 secreto
2057 695 2536 759 continentiam

538 811 806 866 vovent.
870 798 1003 874 Hi,
1047 800 1107 861 si
1148 819 1280 861 nou
1322 813 1597 880 possunt
1640 804 2000 882 continere,
2045 803 2126 867 de
2171 817 2324 867 voto
2365 827 2531 886 poe·

536 917 789 980 niteant
848 924 918 974 et
969 932 1215 975 uxores
1269 911 1532 976 ducant.
1634 911 1770 997 Qui
1827 934 1986 978 vero
2047 917 2118 980 in
2151 919 2529 982 manifesto

533 1039 757 1092 votum
796 1023 1084 1103 faciunt,
1139 1035 1212 1089 ut
1252 1022 1612 1089 monachus
1669 1036 1738 1089 et
1777 1027 2131 1108 sacerdos,
2186 1031 2524 1119 matrimo-

534 1145 713 1207 nium
758 1135 1148 1202 contrahere
1190 1150 1542 1221 nequeunt.
1608 1138 1895 1204 Ordines
1936 1141 2329 1222 impediunt,
2373 1163 2527 1222 pos-

532 1265 686 1319 sunt
738 1264 958 1315 tamen
1015 1249 1255 1314 ducere
1310 1271 1517 1335 usque
1577 1250 1660 1315 ad
1716 1250 2088 1334 acolythum
2144 1252 2262 1317 sed
2329 1253 2534 1316 bene-

529 1368 684 1434 ficia
729 1344 1058 1432 dimittere
1113 1363 1382 1429 debent.
1473 1362 1606 1439 Qui
1669 1385 1828 1429 vero
1885 1387 2080 1447 supra
2145 1364 2525 1448 acolythum

529 1481 814 1548 ordinati
857 1489 1009 1543 sunt
1068 1476 1301 1541 ducere
1357 1498 1492 1541 non
1533 1493 1827 1559 possunt.
1897 1476 2256 1564 Gregorius
2300 1492 2523 1542 tamen

532 1592 831 1680 Anglicis
874 1591 1203 1673 permisit,
1269 1590 1420 1673 quia
1483 1610 1687 1672 nuper
1730 1592 2065 1656 conversis
2110 1592 2192 1654 ad
2233 1590 2427 1654 fidem
2462 1590 2524 1654 si

532 1706 657 1770 hoc
687 1706 844 1785 (eis)
884 1701 1366 1786 prohiberetur,
1412 1700 1613 1767 facile
1645 1701 1855 1767 relabi
1885 1708 2176 1785 possent.
2224 1702 2521 1768 Servitus

532 1821 736 1885 etiam
777 1817 1069 1899 impedit.
1170 1814 1244 1881 Si
1292 1818 1438 1900 quis
1482 1818 1654 1881 enim
1698 1838 1772 1880 se
1813 1819 2158 1902 ignorante
2214 1816 2523 1883 ancillam

529 1931 705 2009 ducit
748 1914 1061 2023 alterius,
1118 1929 1178 1993 si
1221 1928 1508 1993 noluerit
1551 1932 1619 1993 iu
1662 1931 2043 1993 servitutem
2094 1931 2342 2016 redigi,
2406 1940 2521 1993 aut

529 2049 728 2111 etiam
782 2041 1062 2106 redimat
1116 2052 1229 2105 aut
1284 2041 1594 2106 dimittat.
1696 2040 1866 2107 Item
1923 2043 1983 2107 si
2038 2045 2181 2126 quis
2240 2043 2517 2129 frigidus

526 2178 801 2225 uxorem
861 2154 1123 2219 duxerit
1184 2165 1252 2218 et
1306 2175 1451 2219 eam
1511 2152 1757 2220 habere
1802 2176 1933 2219 non
1989 2158 2309 2238 potuerit,
2368 2156 2518 2219 Leo

529 2291 696 2353 papa
753 2269 950 2346 dicit,
1011 2267 1181 2350 quod
1224 2288 1371 2332 eam
1428 2267 1754 2333 dimittere
1813 2282 2052 2351 potest.
2160 2268 2518 2357 Gregorius

525 2404 684 2448 vero
742 2381 943 2461 dicit,
1004 2401 1154 2445 esse
1218 2380 1594 2465 conjugium
1665 2393 1730 2445 et
1789 2383 1849 2446 si
1906 2404 2039 2447 non
2094 2394 2312 2465 potest
2368 2404 2518 2448 eam

528 2495 773 2561 habere
814 2506 887 2558 ut
940 2513 1251 2572 uxorem,
1303 2490 1551 2557 habeat
1603 2506 1676 2557 ut
1730 2516 2021 2560 sororem
2080 2508 2339 2560 etsnon
2396 2497 2518 2561 mi-

522 2631 645 2676 nus
688 2608 814 2671 erit
855 2606 1265 2690 conjugium,
1310 2606 1500 2668 0sicut
1554 2608 1924 2692 conjugium
1983 2605 2245 2673 Mariae
2291 2620 2359 2673 et
2400 2608 2515 2674 Jo-

526 2718 715 2804 seph.
802 2717 878 2783 Si
920 2739 1080 2782 vero
1125 2717 1362 2782 mulier
1401 2738 1532 2782 non
1576 2722 1864 2802 potuerit
1906 2722 2240 2785 continere
2284 2734 2351 2784 et
2388 2719 2516 2786 hoc

523 2834 809 2909 dixerit,
853 2849 985 2892 non
1047 2840 1311 2911 propter
1368 2826 1497 2893 hoc
1551 2831 1954 2912 separanda,
2022 2834 2176 2915 quia
2235 2853 2512 2897 necesso

524 2954 666 3023 est,
713 2963 859 3006 eam
904 2942 1264 3005 continere.
1332 2939 1497 3007 Inde
1541 2942 1984 3029 Hieronymus
2027 2956 2096 3008 et
2125 2943 2514 3028 Theophra·-

521 3070 664 3124 stus
692 3056 948 3120 dicunt:
995 3050 1161 3117 nulli
1199 3054 1482 3135 sapienti
1518 3054 1813 3120 ducenda
1843 3067 1946 3119 est
1970 3077 2160 3121 uxor.
2248 3057 2323 3122 In
2358 3056 2512 3122 aliis

523 3175 699 3242 enim
743 3166 1029 3249 experiri
1070 3185 1456 3247 possumnS,
1518 3166 1739 3249 qualia
1780 3168 1949 3248 sint,
2004 3159 2348 3251 antequam
2391 3167 2510 3232 ha-

517 3285 830 3360 beamus,
889 3289 963 3342 ut
1017 3297 1290 3361 equum,
1349 3288 1699 3361 antequam
1756 3299 2080 3359 emamus,
2139 3279 2205 3343 et·
2248 3292 2506 3355 cetera;

515 3396 636 3461 sed
690 3390 1028 3458 mulierem
1087 3389 1374 3471 experiri
1431 3410 1564 3453 non
1617 3391 2081 3472 permittimur,
2147 3394 2276 3457 nisi
2326 3406 2509 3476 post·-

514 3532 709 3597 quam
751 3510 821 3573 iu
863 3526 1136 3572 uxorem
1179 3505 1558 3588 accipimus.
1644 3506 1814 3574 Item
1855 3508 2091 3574 mulier
2149 3518 2263 3573 aut
2320 3519 2505 3571 casta

511 3633 618 3690 est
672 3632 785 3686 aut
839 3623 1119 3683 incesta.
1213 3615 1289 3681 Si
1329 3628 1521 3682 casta
1561 3618 1885 3702 superba,
1942 3622 2003 3685 si
2051 3623 2307 3687 incesta
2341 3642 2505 3686 nun-

512 3755 711 3819 quam
752 3732 880 3795 erit
918 3729 1131 3796 libera
1164 3751 1206 3795 a
1234 3730 1631 3812 suspicione.
1706 3730 2097 3820 conjugium
2132 3737 2331 3799 etiam
2361 3755 2502 3798 ser-

508 3847 682 3928 vitus
725 3842 987 3908 dicitur.
1069 3841 1263 3909 Unde
1303 3840 1709 3925 Apostolus:
1753 3865 1985 3911 servus
2016 3859 2287 3913 vocatus
2314 3867 2388 3911 es
2431 3857 2500 3911 et

497 3933 767 4014 cetera,
818 3937 890 3998 id
931 3947 1073 4016 est,
1115 3939 1185 4002 1¹¹
1235 3956 1547 4042 conjugio
1599 3967 1785 4022 utere
1843 3961 2202 4038 servitute,
2264 3957 2332 4023 id
2376 3969 2501 4036 est,

501 4044 729 4120 habita
774 4043 997 4117 etiam·
1025 4047 1376 4120 occasione
1428 4058 1808 4138 dimittendi
1858 4093 1989 4140 non
2044 4071 2362 4142 dimittas.
2426 4068 2503 4138 Si

260 3929 308 3963 Γ·
