2842 4800
542 392 659 466 8⁰

544 550 763 649 gratia
821 564 1086 649 ungitur
1150 564 1326 645 olei,
1400 564 1470 630 id
1531 577 1670 645 est,
1737 565 1816 631 fit
1870 566 2225 633 memb'rum
2271 567 2558 643 Christi:

542 672 845 739 Christus
922 679 1095 743 enim
1163 676 1518 743 chrismate
1615 690 1850 743 unctus
1923 681 2195 760 dieitur,
2275 686 2559 750 vestitur

543 790 1037 870 discoloribus,
1110 791 1392 856 diversis
1458 790 1809 856 virtutibus
1867 806 2159 857 ornatur.
2256 792 2364 860 De
2423 797 2554 863 hoe

541 917 958 970 sacramento
984 951 1007 985 ,
1050 907 1219 969 sieut
1261 904 1343 968 de
1390 903 1568 984 aliis,
1617 905 1966 971 videndum
2012 918 2140 985 est,
2187 911 2338 993 quia
2383 909 2550 977 nihil

537 1017 783 1097 refert,
846 1039 886 1082 a
942 1038 1329 1104 quoeunque
1391 1016 1581 1082 detur
1636 1019 1974 1097 ministro,
2040 1022 2195 1106 quia
2248 1021 2547 1084 minister

536 1124 1257 1207 ministrat,'Christus
1302 1128 1631 1211 baptizat:
1701 1130 1872 1195 unde
1921 1129 2025 1194 hie
2070 1143 2210 1209 est,
2270 1134 2380 1218 qui
2427 1131 2542 1196 ba-

531 1248 765 1330 ptizat.
852 1242 1267 1326 Quapropter
1308 1245 1451 1306 sive
1510 1241 1593 1306 ab
1651 1236 2005 1308 haer‘etieis
2071 1245 2215 1309 sive
2259 1267 2300 1311 a
2344 1244 2543 1310 laicis

533 1363 676 1425 sive
722 1360 921 1423 etiam
964 1379 1004 1422 a
1033 1355 1414 1447 mulieribus
1458 1359 1859 1421 necessitate
1902 1359 2279 1425 imminente
2324 1358 2535 1440 detur,

533 1493 863 1561 nunquam
923 1448 1290 1536 reiteretur.
1378 1467 1498 1535 ·De
1561 1469 1780 1535 verbis
1841 1469 1978 1536 illis
2048 1473 2275 1558 quaeri
2332 1471 2532 1551 solet,

531 1589 719 1671 eujus
764 1587 931 1663 siut,
993 1605 1077 1648 an
1140 1582 1397 1649 scilicet
1452 1578 1637 1666 pueri
1680 1605 1766 1648 an
1807 1585 2074 1667 patrini.
2163 1582 2531 1668 Cujuscun-

529 1719 658 1786 que
701 1697 1025 1784 siquidem
1069 1698 1199 1759 sint
1241 1694 1364 1759 illa
1406 1693 1644 1773 verba,
1702 1696 1967 1759 mentiri
2026 1708 2206 1760 certe
2245 1698 2528 1777 videtur,

528 1813 644 1899 qui
720 1808 1095 1895 respondet.
1194 1805 1280 1870 ‘Si
1333 1809 1511 1873 euim
1568 1807 1650 1870 de
1710 1827 1786 1871 se
1840 1808 2273 1892 respondeat:
2346 1808 2534 1876 Volir

524 1924 889 2008 baptizari,
933 1923 1241 1987 mentitur
1284 1920 1581 2007 quidem,
1638 1920 1966 2007 quianon
2011 1923 2079 1986 in
2123 1923 2528 1987 conscientia

524 2058 649 2102 sua
704 2037 907 2124 gestit
963 2032 1140 2100 velle
1199 2031 1546 2115 baptizari.
1636 2032 1709 2096 Si
1750 2035 1908 2098 item
1955 2035 2037 2099 de
2078 2056 2278 2117 puero
2324 2035 2522 2114 dicat,

522 2174 647 2217 nee
693 2172 733 2214 a
775 2148 1115 2212 mendacio
1173 2147 1435 2230 penitus
1481 2150 1785 2211 excusari
1827 2159 2071 2230 potest.
2164 2147 2302 2212 Scit
2345 2149 2521 2211 enim

518 2261 749 2350 procul
792 2259 1026 2338 dubio,
1092 2260 1305 2341 ipsum
1363 2279 1632 2340 puerum
1695 2258 1958 2346 quidem
2000 2259 2171 2326 hane
2213 2259 2517 2327 volunta·

520 2390 655 2444 tem
711 2394 842 2441 non
898 2370 1184 2452 habere,
1243 2372 1480 2459 quippe
1539 2392 1682 2438 cum
1740 2371 1983 2439 nullius
2021 2371 2383 2439 voluntatis
2429 2376 2518 2439 sit

518 2510 810 2573 compos.
901 2485 1094 2562 Quod
1132 2485 1285 2565 hoc,
1327 2487 1633 2572 inquam,
1680 2485 1848 2553 nolit
1888 2507 2071 2570 puer,
2113 2488 2266 2553 inde
2309 2488 2513 2553 facile

515 2615 734 2688 potest
786 2598 1139 2683 perpendi,
1212 2598 1385 2686 quod
1452 2609 1763 2684 quantum
1825 2613 2044 2683 potest
2107 2602 2505 2667 recalcitrat.

512 2716 650 2783 Sed
690 2715 966 2796 dicimus
991 2757 1013 2791 ‚
1059 2710 1233 2800 quod
1275 2711 1570 2794 patrinus
1610 2713 1681 2776 in
1724 2733 2008 2795 persona
2049 2716 2153 2779 sui
2196 2711 2505 2801 loquitur.

522 2815 690 2897 Cuni
733 2840 952 2891 autem
995 2823 1122 2890 ait:
1189 2822 1424 2898 eredo,
1489 2822 1629 2914 tal-e
1672 2837 1776 2889 est
1812 2845 1891 2891 ae
1934 2827 1992 2890 si
2037 2827 2245 2906 dieat,
2303 2826 2505 2894 talem

509 2941 709 3011 fidem
774 2938 1030 3019 habeo,
1092 2958 1211 3021 per
1267 2958 1461 3024 quam
1519 2936 1628 3002 hie
1683 2936 1930 3004 salvari
1990 2951 2235 3022 potest.
2339 2938 2504 3006 Cum

513 3056 822 3124 similiter
862 3050 1287 3133 ‘respondet,
1365 3048 1521 3115 volo
1601 3050 1963 3135 baptizari,
2057 3074 2293 3118 sensus
2372 3064 2500 3132 est,

507 3168 721 3248 volo·‚·
781 3177 857 3231 ut
918 3167 1061 3229 iste'
1115 3164 1485 3248 baptizetur
1549 3168 1619 3231 in
1684 3165 2064 3231 fide.mea.·
2142 3166 2503 3231 Servantur

507 3294 753 3346 tamen·
785 3276 991 3343 verba
1047 3279 1235 3361 pueri
1292 3279 1539 3360 ipsius,
1593 3290 1667 3343 ut
1722 3300 1808 3345 ex
1860 3275 2207 3368 identitate
2264 3279 2498 3344 verbo-

500 3393 646 3460 rnx'n
686 3394 872 3476 pueri
914 3391 1229 3456 identitas
1267 3393 1512 3475 patrini
1566 3391 1651 3458 ad
1704 3393 1972 3476 puerum
2003 3406 2298 3472 notetur.
2373 3391 2494 3459 ‘De

500 3507 631 3574 hae
699 3505 914 3571 forma
987 3502 1323 3568 sciendum
1401 3515 1540 3584 est,
1613 3505 1796 3592 quod
1862 3505 2103 3594 ubique
2170 3507 2493 3574 servanda

499 3612 633 3683 est.'
717 3614 899 3682 Dicit
958 3627 1176 3681 tamen
1237 3616 1469 3682 beatus
1512 3617 1940 3698 Ambrosius,
2006 3623 2087 3684 in
2154 3641 2193 3683 n
2217 3622 2492 3685 o‘mine

500 3727 831 3795 Christi
869 3721 1191 3812 baptizari
1242 3750 1480 3812 posse,
1541 3733 1694 3819 quia
1732 3731 1829 3796 ibi
1871 3733 2128 3797 trinitas
2172 3732 2490 3819 iutelligi-

496 3855 624 3908 tur.
710 3838 790 3907 In
846 3843 1109 3906 nomine
1144 3841 1405 3925 Patris,
1452 3855 1520 3908 et
1559 3843 1759 3925 Filii,
1814 3858 1882 3911 et
1926 3845 2206 3929 Spiritus
2247 3847 2489 3926 saneti,

491 3955 563 4019 id
601 3964 746 4032 est,
789 3953 1207 4018 invocatione
1247 3953 1474 4034 illius,
1527 3959 1635 4020 eui
1675 3954 1864 4022 nihil
1885 3960 2198 4023 resistere
2240 3969 2484 4042 potest,

489 4066 604 4155 qui
660 4063 881 4133 omnia
937 4068 1268 4151 sapienter
1327 4070 1504 4157 agit,
1579 4071 1693 4157 qui
1753 4070 1836 4136 de
1891 4070 2189 4138 omnibus
2241 4070 2484 4136 eodem
