2842 4800
2160 373 2323 451 1⁰2⁷

328 545 524 625 ritum
561 542 632 609 in
676 539 828 609 solu
862 539 1202 607 voluntate
1246 539 1599 622 consistat,
1641 537 2052 628 Augustinus
2094 545 2324 613 multis

331 659 546 723 modis
600 669 667 722 et
721 655 1043 739 exemplis
1086 656 1374 722 inductis·
1408 655 1685 738 probat,
1740 668 1814 721 ut
1856 655 1940 722 de
1981 656 2350 745 discipulis

322 746 607 836 *Ioannis
684 772 793 854 qui
828 758 1245 855 ‘jejunabant
1314 780 1383 834 et
1468 768 1806 851 discipulis
1875 769 2148 838 Domini
2213 780 2328 860 qui

334 883 801 963 comedebant,
855 907 896 949 a
940 885 1170 968 quibus
1214 897 1432 948 tamen
1482 884 1850 968 justificata
1908 899 2012 951 est
2064 892 2328 972 sapien-

314 998 453 1073 tia.
536 996 732 1063 Unde
786 997 1144 1063 Dominus:
1217 1001 1435 1078 venit,
1491 1000 1742 1082 inquit,
1795 999 2090 1066 Joannes
2144 1006 2329 1089 jeju-

338 1131 541 1189 nans,
589 1122 655 1175 et
698 1111 996 1189 dixistis,
1059 1111 1476 1175 daemonium
1530 1109 1754 1177 habet.
1840 1112 2047 1180 Venit
2108 1133 2329 1185 autem

336 1222 518 1289 filius
563 1221 842 1287 bominis
884 1223 1280 1289 manduc-ans
1324 1237 1393 1288 et
1437 1223 1667 1290 bibens
1724 1238 1792 1290 et
1834 1227 2088 1309 dicitis,
2157 1233 2334 1314 quod

282 1384 287 1389 f
342 1356 551 1401 vorax
605 1347 710 1400 est
764 1348 831 1400 et
882 1348 1144 1419 potator
1184 1337 1323 1401 vini
1386 1350 1455 1401 et
1508 1340 1753 1404 amicus
1808 1340 2328 1423 publicanorum.

338 1449 712 1516 laetificata
755 1463 856 1515 est
898 1463 1115 1515 autem
1156 1452 1485 1533 sapientia
1548 1473 1587 1516 a
1630 1453 1792 1521 filiis
1837 1456 2002 1520 suis.
2084 1455 2192 1525 De
2233 1461 2334 1524 vi-

343 1563 474 1631 dua
516 1576 818 1648 quoque,
872 1584 1042 1646 qnae
1083 1565 1211 1629 duo
1255 1566 1616 1630 minuta-in
1679 1566 2156 1653 gazophylacio
2215 1593 2335 1654 po-

345 1679 514 1759 suit,
569 1676 663 1741 ait
720 1675 1079 1758 Dominus,
1148 1679 1318 1762 quod
1372 1678 1521 1763 plus
1596 1701 1791 1762 quam
1849 1681 2087 1746 divites
2147 1682 2338 1748 obtu-

341 1789 520 1856 lerit.
606 1787 801 1855 Unde
844 1789 1320 1873 Hieronymus:
1380 1813 1512 1856 non
1553 1803 1788 1874 pensat
1840 1792 2026 1858 Dens
2072 1817 2340 1866 censum

345 1902 466 1968 sed
520 1902 851 1991 effectum.
950 1901 1133 1966 Idem
1194 1925 1452 1986 quoque
1511 1905 1595 1968 de
1650 1904 1839 1970 Josia
1912 1927 2071 1992 rege
2143 1910 2337 1990 dicit,

350 2015 525 2100 quod
598 2037 743 2080 oum
815 2016 1031 2081 exiret
1094 2014 1179 2081 ad
1245 2017 1664 2101 pugnandum
1730 2039 1847 2099 pro
1903 2018 2144 2100 populo
2205 2021 2342 2087 Dei

351 2148 499 2193 oum
552 2128 838 2195 inimicis
912 2148 1044 2192 non
1098 2141 1362 2210 propter
1391 2126 1544 2193 =hoe
1598 2127 1746 2212 plus
1807 2134 2078 2221 meruit,
2150 2155 2344 2215 quam

349 2245 663 2327 primum,
723 2263 867 2307 cum
923 2226 997 2305 in
1051 2240 1389 2307 voluntate
1455 2239 1585 2305 hoe
1643 2240 1953 2323 haberet,
2008 2245 2128 2309 sed
2189 2247 2344 2312 ideo

350 2351 479 2422 hoo
550 2353 749 2434 feeit,
833 2365 908 2418 ut
979 2351 1130 2419 eliis
1202 2355 1403 2419 etiam
1471 2353 1743 2440 regibus
1811 2367 1881 2420 et
1945 2359 2350 2441 principibus

353 2467 725 2549 exemplum
790 2468 976 2533 daret
1037 2491 1154 2551 pro
1213 2467 1455 2551 populo
1518 2469 1653 2538 Dei
1721 2472 2054 2556 pugnandi
2121 2488 2352 2542 contra

352 2582 681 2646 inimicos.
782 2580 1104 2648 Similiter
1174 2581 1257 2646 de
1325 2582 1720 2666 martyribus
1788 2584 2109 2663 dicimus,
2175 2589 2358 2670 quod

353 2714 475 2760 eos
517 2695 857 2760 exteriora·
903 2694 1196 2777 patibula
1253 2694 1565 2772 meliores
1609 2716 1740 2760 non
1797 2696 2170 2778 faciebant,
2229 2699 2350 2766 sed

356 2812 533 2882 tales
592 2834 784 2892 esse,
852 2814 964 2895 qui
1025 2810 1358 2877 Christum
1410 2810 1816 2899 diligerent,
1891 2812 2352 2881 ostendebant.

357 2924 469 2994 Sic
511 2946 767 3009 quoque
797 2925 879 2992 do
905 2923 1169 2989 Christo
1214 2943 1375 2989 sane
1420 2926 1803 3004 asserimus,
1848 2926 2043 3010 quod,
2090 2928 2352 3009 quando

358 3037 443 3103 nd
505 3037 879 3120 passionem
936 3038 1166 3104 duetus
1227 3048 1330 3100 est
1405 3048 1475 3099 et
1532 3038 1602 3100 in
1661 3034 1843 3122 ligno
1903 3037 2148 3103 affixus
2209 3053 2353 3118 est,

357 3171 491 3218 non
534 3148 682 3232 plus
725 3151 985 3229 meruit,
1031 3171 1223 3234 quam
1264 3147 1348 3213 ab
1393 3152 1538 3232 ipsa
1581 3153 2031 3232 conoeptione.
2118 3149 2356 3236 Neque

357 3263 530 3346 enim
589 3275 745 3328 tuno
803 3261 1041 3330 melior
1101 3263 1414 3341 effectus,
1475 3284 1669 3346 quam
1729 3261 1813 3327 ab
1870 3265 2015 3347 ipsa
2077 3268 2362 3349 pueritia
2443 3309 2458 3322 κ

360 3377 729 3455 extitisset,
774 3397 918 3441 oum
960 3397 1049 3442 ex
1089 3388 1245 3441 tuno
1279 3375 1499 3441 Deum
1542 3397 1632 3440 ex
1672 3386 1816 3440 toto
1874 3376 2073 3443 eorde
2117 3379 2356 3465 dilige-

356 3500 485 3566 ret,
571 3486 685 3554 Sic
724 3488 925 3575 igitur
964 3489 1034 3556 in
1076 3485 1444 3554 voluntate.
1473 3509 1605 3554 non
1645 3490 1720 3554 in
1774 3488 2125 3573 operibus,
2185 3514 2358 3576 quae

360 3598 554 3668 bonis
595 3612 665 3668 ot
703 3601 899 3670 mali·
942 3604 1310 3668 communia
1351 3615 1547 3683 sunt,
1605 3605 1907 3670 meritum
1948 3625 2141 3671 omne
2201 3629 2358 3672 con-

360 3718 559 3783 sistit.
663 3716 879 3803 Saepo
928 3720 1104 3785 enim
1172 3719 1320 3803 plus
1380 3722 1652 3807 jejunat
1742 3722 1953 3807 magis
2025 3722 2228 3786 etiam
2281 3741 2362 3786 se

363 3829 604 3916 affligit
674 3830 949 3915 quilibet
1018 3831 1398 3917 hypocrita,
1481 3855 1674 3919 quam
1745 3834 1988 3919 aliquis
2066 3846 2359 3900 sanetus.

365 3940 563 4026 Quod
614 3942 687 4007 in
743 3941 894 4009 solu
948 3944 1290 4010 voluntate
1353 3948 1651 4012 meritum
1707 3945 1832 4027 sit,
1891 3944 2048 4012 inde
2103 3967 2361 4031 quoque

363 4056 743 4146 conjectare
785 4053 1022 4141 lieet-,11
1036 4056 1217 4147 qnod
1252 4056 1444 4129 Deus
1471 4057 1720 4130 ²‹licitur-
1759 4068 2089 4127 scrutator
2129 4079 2364 4129 renum
