2842 4800
496 403 612 479 Ul)

498 568 764 639 infima
806 569 1138 652 membra,
1207 594 1377 658 quae
1442 577 1512 640 in
1577 594 1652 639 se
1706 576 2234 654 transformavit,
2311 587 2386 643 ut
2428 598 2512 646 es

498 685 892 760 instrueret,
963 682 1117 765 quid
1172 685 1243 748 in
1293 684 1716 767 passionibus
1777 698 1960 753 esset
2015 687 2377 772 agendum,
2441 700 2513 754 ut

500 816 648 862 eum
689 797 969 879 amplius
1014 799 1393 880 passionem
1432 803 1644 866 vitare
1688 821 1821 866 non
1861 813 2130 885 posset,
2198 800 2512 869 volunta-

501 920 636 974 tem
677 905 814 975 Dei
856 930 1020 975 suae
1059 925 1566 997 praeponeret‚·
1601 924 1676 980 ut
1733 914 2015 980 diceret:
2088 913 2210 978 fiat
2265 913 2500 978 volun-

500 1033 606 1086 tas
660 1032 802 1086 tua.
889 1018 1209 1088 Similiter
1275 1025 1538 1108 quando
1601 1024 1805 1091 dixit:
1862 1027 2074 1090 tristis
2127 1036 2232 1090 est
2285 1026 2508 1091 anima

390 1204 393 1213 ,
496 1150 649 1199 mea
690 1154 900 1219 usque
942 1135 1031 1200 ad
1070 1146 1386 1216 mortem,
1458 1149 1532 1202 et
1579 1137 1842 1222 quando
1888 1139 2105 1221 eoepit
2150 1159 2394 1221 pavere
2440 1151 2510 1204 et

498 1245 789 1342 taedere.
877 1245 959 1313 In
1003 1246 1111 1314 his
1154 1248 1495 1331 omnibus,
1537 1261 1611 1314 ut
1652 1250 1913 1331 dieunt,
1974 1249 2504 1316 transformatio-

496 1382 651 1429 nem
689 1359 1130 1429 membrorum
1170 1363 1241 1427 in
1284 1383 1360 1427 se
1411 1361 1600 1429 feeit.
1685 1361 1774 1431 Et
1826 1362 2089 1448 quidem
2129 1365 2292 1428 satis
2340 1384 2507 1429 sane

495 1477 598 1542 sio
654 1487 880 1562 potest
932 1477 1229 1561 -oxponi,
1300 1477 1494 1562 quia,
1561 1488 1635 1540 ut
1690 1475 1867 1541 idem
1930 1475 2026 1541 ait
2067 1473 2499 1562 Augustinus,

495 1591 753 1676 quando
799 1589 1089 1677 aliquem
1130 1608 1396 1655 versum
1436 1590 1552 1655 isti
1590 1590 1712 1668 sio,
1758 1587 1866 1654 illi
1908 1586 2107 1654 alitor
2140 1599 2501 1672 exponunt,

494 1702 719 1769 bonae
773 1714 844 1776 et
907 1703 1378 1769 convenientes
1445 1713 1722 1786 possunt
1796 1722 1950 1768 esse
2021 1702 2503 1785 expositiones,

495 1818 792 1904 quamvis
856 1814 1197 1884 diversae}
1266 1818 1421 1901 qnia
1474 1815 1675 1895 licet,
1749 1816 1861 1901 qui
1926 1818 2304 1898 scripserit,
2368 1839 2502 1883 uno

490 1931 690 1998 modo
732 1941 985 1996 tantum
1025 1929 1474 2009 intellexerit,
1536 1941 1758 1994 tamen
1817 1939 1886 1994 et
1949 1940 2047 1993 tot
2109 1941 2179 1995 et
2222 1942 2357 1994 tam
2401 1931 2499 1994 di-

491 2046 706 2111 versis
769 2044 985 2110 modis
1054 2063 1254 2126 posse
1322 2043 1793 2107 convenienter
1857 2041 2142 2126 exponi,
2215 2041 2498 2130 Spiritus

492 2169 761 2224 sanctus
812 2158 1151 2245 cognovit.
1695 2218 1702 2223 ,

659 2269 797 2336 Sed
866 2270 1044 2335 dicat
1105 2265 1511 2356 Augustinus
1580 2266 1984 2335 voluntatem
2059 2288 2291 2349 suam,
2372 2290 2496 2335 nos

488 2405 648 2451 vero
693 2384 994 2463 dicimus,
1043 2382 1440 2474 quia,‘sicut
1482 2369 1707 2466 veram
1746 2379 2216 2448 humanitatem
2246 2402 2501 2453 assum·

488 2500 602 2580 sit,
643 2499 743 2564 ita
785 2496 1108 2563 humanae
1151 2493 1551 2560 infirmitatis
1595 2515 1793 2559 veros
1828 2489 2124 2560 defectus
2158 2492 2498 2562 habuerit:

486 2613 666 2702 quod
733 2622 804 2678 et
887 2610 1103 2677 saneti
1178 2609 1578 2674 unanimiter
1644 2618 1967 2676 asserunt.
2080 2605 2226 2671 Leo
2298 2629 2490 2691 papa,

487 2726 814 2805 dominus,
856 2725 1095 2808 inquit,
1135 2722 1329 2787 Jesus
1376 2717 1681 2785 Christus
1725 2720 1946 2784 omnia
1976 2730 2203 2785 nostra
2229 2735 2492 2802 praeter

483 2849 827 2923 peceatum
890 2836 1223 2902 assumsit.
1310 2832 1499 2898 Idem
1559 2854 1817 2930 quoque
1860 2833 2303 2920 Augustinus:
2373 2856 2492 2910 yo-

481 2951 809 3020 luntatem
864 2957 1157 3015 nostram
1213 2950 1527 3013 assumsit
1590 2957 1660 3010 et
1717 2948 2092 3014 tristitiam:
2160 2949 2494 3015 tristitiam

483 3064 894 3132 confidenter
937 3063 1110 3142 dico,
1158 3062 1311 3145 quia
1356 3082 1615 3125 crucem
1639 3059 1973 3143 praedico.
2053 3059 2382 3126 Habuerit
2404 3068 2493 3143 Β)

478 3179 682 3266 igitur
721 3196 943 3241 veram
986 3175 1326 3240 tristitiam
1371 3188 1443 3238 et
1481 3193 1675 3239 veros
1731 3172 1998 3239 dolores
2025 3219 2048 3254 ‚
2107 3185 2176 3238 et
2217 3195 2352 3239 non
2403 3175 2494 3239 si-

478 3288 892 3358 mulatorios.
977 3286 1084 3354 De
1127 3287 1254 3352 hoo
1297 3288 1498 3368 enim,
1548 3285 1721 3371 qnod
1764 3284 2068 3352 Hilarius
2112 3287 2297 3366 dicit,
2342 3310 2492 3353 eum

481 3421 617 3471 nou
659 3402 861 3468 aliter
925 3401 1218 3469 sensisse
1283 3398 1514 3465 clavos
1579 3398 1856 3482 podibus
1920 3410 1986 3465 et
2044 3398 2349 3470 manibus
2392 3402 2493 3463 in-

478 3516 694 3596 fixos,
752 3535 948 3600 quam
991 3514 1052 3578 si
1097 3534 1290 3578 cerae
1331 3511 1808 3598 infigerentur,
1869 3533 2129 3582 errasse
2173 3515 2489 3601 arguitur.

477 3626 630 3698 Nisi
694 3630 871 3693 enim
933 3635 1116 3692 esset
1166 3622 1262 3692 ibi
1320 3627 1586 3709 passio,
1649 3645 1781 3689 uon
1854 3638 2040 3690 esset
2099 3625 2195 3692 ibi
2238 3626 2489 3713 aliquid

477 3752 715 3806 eontra
755 3739 1187 3806 voluntatem.
1272 3734 1470 3804 Unde
1510 3738 1581 3802 in
1621 3738 1842 3804 futura
1898 3738 2077 3820 vita,
2136 3737 2252 3805 ubi
2297 3733 2497 3807 ‹nulla

478 3855 606 3921 en‘t
644 3855 868 3938 passio
888 3898 911 3933 ‚
965 3849 1141 3917 nihil
1198 3861 1432 3917 eontm
1472 3848 1885 3918 voluntatem
1926 3848 2069 3916 fiet.
2155 3850 2490 3920 Voluntas

479 3967 656 4035 enim
709 3983 1042 4051 nunquam
1105 3976 1212 4031 est
1287 3966 1417 4030 nisi
1479 3985 1626 4030 oum
1686 3962 2170 4042 delectation&
2246 3969 2487 4051 quippo

478 4077 655 4170 quod
710 4078 1005 4148 deleotst
1077 4075 1249 4146 illud
1304 4076 1649 4159 volumus,
1714 4078 1890 4164 quod
1950 4097 2114 4145 vero
2167 4077 2489 4149 molestat
