2842 4800
2178 382 2287 454 95

1011 544 1224 647 capae
1278 548 1577 618 xxxn.
1653 510 1658 515 ’

283 666 509 732 Quibus
556 664 739 720 modia
787 680 892 719 nos
936 664 1133 737 diligat
1176 665 1333 719 Deua
1393 672 1452 719 et
1497 665 1695 735 quibua
1739 663 1917 720 modia
1961 680 2064 719 noa
2105 663 2288 721 Deum

759 765 851 820 vel
891 766 1204 836 proximum
1240 765 1474 836 diligere
1506 765 1825 820 debeamus.

478 885 670 954 Nunc
724 908 928 965 vero,
993 885 1225 970 quibus
1282 886 1496 951 modis
1552 908 1674 950 nos
1732 886 1966 974 diligat
2017 900 2084 952 et
2143 891 2283 972 qui·-

277 1006 410 1069 bus
454 1005 666 1068 modis
713 1022 834 1067 nos
875 1001 1093 1066 Deum
1135 1000 1245 1066 vel
1284 1003 1648 1084 proximum
1699 1003 1983 1089 diligere
2038 1004 2282 1089 debea-

282 1140 474 1196 mus,
540 1117 884 1180 dicendum
923 1114 1217 1194 videtur,
1273 1127 1388 1194 ut,
1455 1117 1601 1198 quis
1662 1116 1822 1179 ordo
1877 1120 1944 1181 in
2007 1121 2282 1183 caritate

278 1231 540 1294 servari
585 1226 862 1307 debeat,
896 1228 1250 1291 evidenter
1292 1238 1627 1309 appareat.
1693 1226 1909 1292 Deum
1932 1232 2130 1314 igitur
2156 1230 2281 1295 ali-

283 1363 482 1425 quem
524 1339 801 1426 diligere
844 1360 978 1403 non
1021 1350 1125 1403 est
1167 1337 1370 1418 aliud,
1417 1360 1611 1423 quam
1646 1342 1856 1422 ipsum
1888 1341 1973 1405 ab
2007 1356 2279 1411 aeterno

282 1454 460 1519 bene
517 1456 601 1517 de
657 1472 740 1516 eo
797 1451 1150 1535 disponere
1209 1463 1278 1514 et
1331 1473 1449 1534 per
1505 1464 1863 1534 temporum
1917 1460 2281 1522 successio-

284 1590 439 1634 nem
476 1567 664 1633 donis
692 1569 950 1653 gratiae„
976 1586 1138 1631 suae
1182 1565 1266 1629 ad
1298 1568 1502 1630 vitam
1537 1577 1871 1630 aeternam
1905 1588 2052 1631 eum
2084 1590 2277 1652 prae-

282 1681 546 1765 parare.
633 1678 825 1744 Unde
870 1668 1016 1744 cum
1059 1680 1249 1743 dico:
1295 1676 1483 1742 Deus
1529 1676 1747 1761 diligit
1783 1678 1996 1760 illum,
2041 1703 2279 1749 sensns

289 1806 432 1859 est:
493 1793 577 1857 de
625 1790 841 1856 salute
900 1791 1047 1874 ejus
1091 1787 1173 1852 ab
1217 1801 1486 1853 aeterno
1531 1792 1873 1872 disposuit,
1917 1805 1990 1856 nt
2022 1778 2281 1861 scilicet

281 1909 353 1972 in
410 1909 744 1990 praesenti
804 1905 944 1969 vita
997 1901 1266 1987 aliquod
1310 1901 1562 1966 ,bonum
1621 1905 1684 1967 ei
1741 1903 2099 1991 largiatur,
2160 1932 2281 1992 per

286 2020 460 2105 quod
503 2018 816 2083 salvetur.
905 2012 1148 2082 Nullus
1203 2017 1380 2079 enim
1434 2028 1649 2080 motus
1706 2029 1810 2080 est
1864 2021 1934 2082 in
1995 2019 2145 2085 Deo
2192 2024 2278 2090 ad

285 2153 407 2197 nos
456 2130 890 2216 diligendum,
939 2129 1110 2193 sicut
1151 2129 1367 2192 estin
1422 2127 1615 2193 nobis
1673 2129 1753 2192 ad
1810 2131 2043 2213 ipsum.
2132 2133 2277 2203 Non

286 2247 465 2335 enimv
501 2266 644 2307 cum
685 2242 904 2309 Deum
946 2240 1317 2327 diligimuS,
1381 2240 1588 2306 talem
1640 2255 1883 2307 motum
1942 2242 2143 2312 animi
2188 2251 2273 2317 ad

281 2362 498 2443 ipsum
541 2354 884 2422 habemus.
973 2355 1094 2419 Est
1149 2357 1323 2419 enim
1367 2350 1650 2434 σαι-ἰείη,
1706 2368 1778 2419 ut
1824 2358 1915 2421 ait
1961 2358 2272 2448 Augusti.‚

285 2495 447 2551 nus,
505 2483 722 2536 motus
773 2470 975 2535 animi
1018 2470 1103 2533 ad
1163 2467 1381 2533 Deum
1438 2467 1839 2554 diligendum
1893 2486 2157 2555 propter
2196 2499 2273 2543 se

290 2597 357 2650 et
397 2586 760 2667 proximum
801 2596 1067 2665 propter
1107 2582 1350 2648 Deum.
1448 2582 1578 2648 Hic
1637 2580 1813 2647 solet
1870 2588 2130 2668 quaeri,
2186 2611 2272 2657 an

284 2699 465 2764 Deus
509 2697 798 2780 aliquem
843 2693 1080 2783 diligat
1120 2695 1353 2771 modo,
1403 2715 1594 2777 quem
1638 2715 1768 2757 non
1812 2717 2071 2780 semper
2107 2701 2273 2766 dile-

281 2813 476 2878 xerit.
586 2808 720 2875 Sed
776 2810 1053 2873 dicimus
1086 2811 1403 2873 ·minime.
1505 2805 1857 2882 Quaeritur
1915 2812 2154 2895 etiam,
2212 2819 2274 2882 si

282 2925 464 2990 Deus
508 2944 736 2988 omnes
782 2922 1052 3008 diligat,
1098 2923 1208 3007 qui
1254 2943 1399 2985 eum
1434 2918 1736 3005 diligunt.
1804 2919 1977 2987 Non.
2041 2923 2117 2989 Si
2156 2947 2271 3010 op-

284 3050 614 3124 ponatur,
644 3039 817 3121 quod
862 3040 995 3103 ait:
1058 3059 1184 3122 ego
1228 3015 1580 3122 diligentes
1624 3057 1728 3099 me
1773 3035 2022 3123 diligo,
2072 3052 2141 3103 et
2178 3043 2268 3105 si..

280 3154 505 3232 milia,
549 3151 859 3229 dicimus,
904 3150 1078 3233 quod
1120 3149 1201 3213 de
1245 3150 1698 3232 perseveranti
1742 3147 2097 3216 dilectione
2134 3153 2268 3217 dic-

281 3278 409 3330 tum
475 3273 603 3328 est.
690 3261 839 3327 'Sed
902 3260 1298 3340 notandum,
1360 3260 1533 3344 qnod
1590 3263 1660 3324 in
1718 3260 2074 3329 dilectione
2133 3263 2270 3334 Dei

282 3377 494 3444 nullus
538 3374 809 3454 modus,
853 3372 1072 3438 nullus
1117 3374 1395 3455 denique
1438 3375 1749 3437 terminus
1796 3386 1902 3439 est
1956 3373 2267 3442 statutus.

288 3488 360 3554 ln
413 3488 766 3554 dilectione
826 3508 986 3551 vero
1049 3475 1338 3569 proximi
1406 3498 1510 3552 est
1565 3508 1893 3551 mensura.
2001 3487 2270 3557 Dictum

284 3615 380 3667 est
443 3603 662 3681 enim,
728 3598 971 3687 diliges
1019 3598 1401 3702 *Dominum
1463 3596 1679 3662 Deum
1746 3611 1920 3665 tuum
1961 3613 2071 3667 *ex
2125 3616 2265 3669 toto

188 3779 194 3792 .
282 3714 469 3779 corde
514 3726 641 3779 etc.
727 3707 835 3780 Ei
877 3728 1014 3779 toto
1076 3715 1273 3778 corde
1332 3712 1591 3799 diligit,
1657 3716 1765 3797 qui
1825 3729 2091 3796 paratus
2138 3729 2265 3798 est,

283 3830 343 3892 ei
403 3826 670 3892 obedire
737 3850 855 3912 pro
920 3847 1118 3910 posse
1179 3846 1324 3890 suo.
1415 3824 1696 3904 Cetera,
1763 3848 1929 3909 quae
1976 3849 2258 3911 sequun-

288 3931 417 4021 tur,
451 3939 941 4040 'inculcationes
985 3950 1175 4013 sunt3
1245 3936 1381 4001 tale
1428 3937 1601 4002 enim
1662 3948 1803 4017 est,
1866 3959 1944 4002 ac
1986 3940 2045 4003 ei
2089 3940 2268 4005 dica-

282 4068 423 4122 turx
488 4054 570 4121 ad
615 4056 760 4140 ejus
804 4053 1186 4138 obsequium
1236 4050 1635 4137 implendum
1692 4062 1897 4116 totam
1951 4052 2262 4118 intentio-
