2842 4800
1895 432 1922 468 .
2217 372 2367 452 ov-

303 566 422 633 pro
483 549 769 615 discreto
835 542 905 643 et'
962 544 1047 612 ab
1107 545 1261 612 aliis
1328 554 1661 627 separato.
1748 539 1906 611 Per'
1944 543 2072 612 hoo
2134 567 2323 635 ergo,

307 663 482 747 quod
536 660 833 728 verbum'
860 678 995 725 non
1056 672 1161 726 est
1232 657 1325 723 ibi
1385 659 1744 724 discretum
1809 669 1880 725 et
1944 646 2324 742 separatum

308 773 392 840 ab
435 762 741 854 homine,
766 774 769 781 ’
797 775 996 841 immo
1060 774 1275 859 magis
1320 793 1470 838 eum
1513 770 1782 839 homine
1825 793 2023 839 unam
2071 772 2320 838 disere·

305 901 441 952 tam
504 900 574 953 et
620 885 765 974 [ab]
825 885 982 952 aliis
1044 897 1416 970 separatam
1479 906 1831 968 personam
1888 884 2141 965 efficit,
2201 906 2322 969 per

304 997 466 1079 hoo,
510 1001 775 1083 inquam
792 1046 817 1081 ‚,
883 988 1214 1080 ostendit,
1285 998 1619 1066 Christum
1664 1019 1862 1065 uuam
1905 998 2120 1064 solam
2164 1016 2320 1064 esse

300 1133 675 1194 personam.
765 1111 900 1177 Sed
942 1135 1085 1179 oum
1116 1112 1303 1179 Deus
1348 1117 1418 1177 in
1463 1114 1711 1179 sanetis
1756 1111 2131 1177 hominibus
2161 1130 2317 1176 esse

304 1225 594 1304 dicatur,
638 1236 707 1288 et
746 1228 846 1291 sio
889 1228 1088 1292 etiam
1135 1247 1309 1305 esse,
1354 1237 1431 1290 ut
1473 1247 1591 1291 eos
1636 1226 1914 1310 repleat,
1962 1246 2079 1289 eos
2121 1223 2315 1293 inha-

302 1335 495 1416 bitet,
539 1336 715 1402 solet
754 1340 981 1422 quaeri
1026 1338 1353 1422 quomodo
1388 1336 1681 1404 Verbum
1725 1340 1938 1426 magis
1981 1337 2187 1402 fuerit
2213 1335 2317 1402 ibi

297 1432 417 1534 per
457 1452 806 1531 unionem,
875 1473 1069 1535 quam
1132 1456 1203 1517 in
1248 1452 1403 1518 aliis
1449 1453 1699 1519 sanetis
1743 1450 2139 1517 homiuibus.
2230 1448 2310 1515 In

297 1561 497 1629 beata
539 1584 821 1649 namque
854 1565 1117 1652 ¹,virgine
1161 1567 1260 1630 sie
1305 1564 1430 1630 fuit
1481 1568 1744 1649 spiritus
1797 1570 2093 1644 sanctus,
2137 1563 2316 1649 quod

299 1687 505 1742 totam
561 1698 711 1743 eam
776 1676 1095 1761 replevit,
1163 1690 1232 1744 et
1293 1680 1363 1744 iu
1419 1678 1647 1745 multis
1691 1679 1883 1760 aliis,
1949 1699 2039 1744 ex
2080 1679 2316 1769 spiritu

248 1786 260 1797 ’
298 1808 573 1875 quorum
615 1801 686 1855 et
724 1787 971 1874 Spiritu
1016 1788 1186 1871 Dei,
1248 1802 1323 1857 ut
1366 1792 1462 1857 ait
1503 1791 1910 1877 Apostolus,
1953 1813 2120 1857 unus
2164 1788 2313 1883 effi·

297 1907 514 1985 citur,
558 1917 626 1970 et
666 1907 761 1970 ita
802 1906 876 1970 iu
916 1908 1015 1971 eis
1059 1905 1339 1991 Spiritus
1386 1918 1654 1974 sauctus
1698 1908 1873 1973 siout
1913 1909 1985 1972 in
2035 1902 2309 1972 Christo

294 2020 470 2084 uniri
545 2020 825 2085 videtur.
949 2016 1194 2085 Veram
1279 2023 1579 2105 quamvis
1669 2019 1952 2104 Spiritus
2040 2030 2311 2086 sanetus

294 2143 562 2198 sanctos
603 2130 904 2198 homines
945 2133 1206 2217 replere
1278 2114 1361 2198 et·
1387 2132 1767 2199 inhabitare
1830 2134 2127 2214 dicatur,
2210 2144 2311 2197 ta-

291 2266 445 2312 men
489 2266 897 2330 nequaquam
955 2247 1089 2312 diei
1148 2244 1291 2312 ullo
1348 2247 1546 2312 modo
1611 2258 1873 2332 potest,
1945 2247 2120 2332 quod
2162 2268 2312 2313 eum

295 2363 395 2428 eis
436 2358 917 2443 uniatur,‘eum
961 2383 1086 2429 neo
1125 2364 1196 2428 in
1240 2383 1593 2447 personam
1640 2361 2114 2430 conficiendam
2160 2383 2308 2431 eum

293 2478 396 2543 eis
442 2477 831 2556 conveniat,
905 2487 973 2540 et
1035 2475 1099 2541 si
1156 2477 1242 2543 ad
1308 2487 1566 2561 tempus
1625 2475 1899 2562 aliquod
1938 2486 2305 2558 remaneat,

293 2586 378 2654 ab
421 2590 522 2654 eis
566 2589 859 2654 recedat.
951 2586 1148 2664 Quod
1209 2602 1430 2656 autem
1473 2590 1779 2670 recedat,
1840 2592 1910 2654 iu
1965 2587 2303 2675 prophetis

292 2702 636 2768 evidenter
680 2702 1063 2787 apparebat,
1109 2705 1219 2788 qui
1262 2704 1459 2770 modo
1507 2724 1656 2768 eum
1698 2701 2057 2782 habebant,
2102 2702 2302 2782 modo

289 2817 587 2900 profecto
653 2838 736 2882 eo
778 2815 1144 2883 .carebant.
1264 2814 1461 2892 Quod
1525 2837 1687 2881 vero
1751 2816 1851 2881 ait
1913 2813 2302 2899 Apostolus,

290 2932 466 3016 quod
510 2935 654 2997 o'um
697 2933 931 3015 spiritu
974 2945 1201 2996 eorum
1253 2931 1528 3013 spiritus
1570 2927 1706 2995 Dei
1763 2951 1929 2995 unus
1988 2928 2298 3009 efficitur,

285 3047 481 3110 unius
536 3042 876 3109 intellexit
928 3041 1330 3124 voluntatis,
1394 3043 1492 3108 it'a
1553 3023 1810 3124 tamen,
1875 3043 2049 3128 quod
2093 3042 2299 3128 quotl-

288 3178 544 3242 eunque
601 3156 782 3223 aliud
836 3140 1070 3223 volunt
1132 3170 1200 3222 et
1258 3167 1577 3241 appetunt
1634 3145 1748 3223 vel
1808 3165 2039 3224 eontra
2106 3177 2299 3241 quam

289 3267 568 3353 Spiritus
615 3282 880 3336 sanetus
925 3270 1108 3336 nolle
1165 3268 1430 3336 velleve
1486 3269 1786 3349 suadeat.
1871 3268 2088 3335 Aliter
2132 3291 2297 3357 ergo

284 3382 579 3451 Verbum
639 3388 710 3450 in
759 3381 1026 3451 Christo
1087 3384 1251 3466 fuit,
1324 3386 1490 3470 quia
1534 3386 1632 3451 sio
1664 3415 1670 3422 ’
1699 3384 1825 3450 fuit
1882 3383 1990 3450 illi
2044 3382 2293 3451 homiui

284 3499 578 3579 unitum,
635 3497 809 3583 quod
850 3499 921 3563 in
963 3518 1162 3563 unam
1202 3517 1556 3581 personam
1600 3519 1742 3562 oum
1785 3493 1908 3563 illo
1955 3500 2291 3579 convenit,

286 3621 355 3674 et
398 3611 605 3696 quod,
652 3613 822 3676 siout
865 3630 1056 3690 caro,
1103 3610 1363 3676 animae
1405 3609 1705 3694 subjecta
1750 3605 1876 3691 esf,
1926 3611 2099 3696 quod
2144 3609 2293 3676 nul-

280 3719 421 3787 lum
470 3734 759 3804 motum,
813 3722 1066 3789 nullam
1109 3724 1560 3806 operationem
1601 3725 1731 3790 uisi
1778 3723 1862 3789 ab
1908 3709 2130 3790 anima
2171 3723 2291 3791 ha-

280 3833 442 3902 bero
496 3846 748 3920 potest:
811 3838 923 3904 ,sie
987 3837 1211 3903 anima
1277 3831 1417 3903 ma„
1460 3833 1686 3904 Verbo
1757 3836 2060 3922 subjecta
2118 3848 2286 3918 erat,

281 3948 457 4034 quod
498 3947 751 4016 nullum
805 3961 1054 4016 motum
1112 3947 1220 4017 illi
1279 3952 1539 4035 corpori
1605 3950 1961 4016 attribuere
2003 3937 2289 4035 poterat,

164 4157 171 4163 ἠ
204 4142 209 4146 ,
279 4061 413 4129 nisi
451 4073 766 4149 quantum
786 4060 1081 4131 Verbum
1122 4062 1513 4148 inspirabat.
1601 4062 1691 4128 Et
1736 4063 2073 4131 sciendum
2115 4061 2291 4148 quod
2381 4052 2388 4060 ’

1778 4179 1816 4241 5
1838 4175 1872 4210 ι
