2842 4800
2208 395 2318 471 17

289 578 552 666 judicia
595 592 708 648 tna
750 579 1031 666 abyssus
1074 573 1302 644 multa.
1378 572 1555 654 Quia
1596 574 1696 641 sic
1738 573 1979 641 dictum
2023 583 2152 653 est,
2197 590 2305 638 sa·

300 696 595 778 pientiae
643 707 748 761 est
781 695 1126 780 judicare,
1166 693 1237 758 id
1281 701 1384 757 est
1427 689 1602 776 quod
1649 712 1735 756 ex
1765 688 2032 773 justitia
2075 688 2307 785 cuique

298 807 642 888 debeatur,
687 808 1076 895 agnoscere}
1164 804 1498 870 Christum
1540 802 1673 869 Dei
1714 803 2022 868 virtutem
2088 812 2156 867 et
2197 812 2345 867 sar-³

294 923 616 1003 pientiam
687 919 1029 1004 apostolus
1103 920 1420 984 nominat.
1525 916 1865 1000 Sapientia
1928 937 2058 999 per*

301 1036 527 1099 omnia
569 1033 654 1097 ad
695 1036 1021 1119 integrum
1077 1033 1300 1114 novit,
1360 1035 1668 1097 virtutem
1738 1051 1892 1094 vero
1954 1050 2073 1113 per
2114 1049 2309 1113 qnam

297 1150 591 1212 omnium
632 1147 952 1212 bonorum
998 1146 1301 1212 efficacia
1359 1144 1669 1228 complet.
1758 1142 1953 1209 Unde
1997 1144 2310 1227 scriptum

297 1273 435 1325 est:
508 1258 753 1325 Omnia
793 1281 910 1343 per
954 1263 1166 1342 ipsum
1208 1260 1390 1326 facta
1431 1269 1608 1325 sunt.
1694 1256 1782 1322 Et
1825 1255 2025 1325 alibi:
2087 1259 2307 1323 omnia

297 1375 372 1436 in
418 1367 742 1456 sapientia
785 1371 1049 1452 fecisti,
1104 1372 1277 1437 unde
1340 1384 1407 1436 et
1452 1371 1687 1436 dextra
1728 1372 1873 1435 sive
1914 1390 2149 1435 manns
2189 1392 2307 1459 pa-

298 1487 420 1550 tris
467 1483 870 1568 appellatur,
917 1507 1033 1568 per
1077 1506 1269 1568 quam
1309 1497 1501 1567 pater
1546 1484 1766 1549 omnia
1810 1495 2151 1566 operatur,
2196 1484 2308 1567 qui

296 1612 369 1664 ee
395 1599 566 1665 bene
596 1620 784 1664 mens
830 1601 1060 1681 patris,
1107 1601 1250 1663 sive
1293 1598 1490 1676 ratio,
1536 1599 1683 1662 sive
1727 1594 2004 1684 angelus
2046 1595 2311 1663 consilii

297 1698 514 1777 dictus
559 1725 704 1792 est,
749 1714 905 1795 quia
947 1713 1016 1777 in
1064 1710 1188 1776 hac
1231 1711 1560 1794 sapientia
1600 1707 2086 1775 rationabiliter
2120 1719 2312 1792 pater·

300 1827 523 1891 omnia
566 1827 899 1908 disponit,
945 1827 1089 1890 sive
1130 1824 1439 1889 mnndum
1485 1823 1793 1904 creando,
1837 1823 1983 1887 sive
2026 1823 2308 1890 eundem

302 1937 563 2020 lapsum
609 1938 1015 2021 reparando,
1070 1949 1138 2002 et
1179 1937 1249 2000 in
1293 1935 1421 2001 hoc
1462 1950 1651 2019 pater
1684 1958 1919 2013 ‚verum
1961 1936 2312 2005 consilium

301 2063 572 2116 nostrae
592 2052 1006 2136 ignorantiae
1025 2050 1225 2129 dedit,
1252 2072 1447 2134 quum
1466 2052 1611 2134 ejus
1626 2051 1994 2115 incarnatio
2011 2071 2131 2115 nos
2149 2050 2310 2116 visi-

294 2166 493 2230 tavit.
580 2165 811 2251 Logos
852 2166 1079 2247 itaque
1120 2185 1262 2228 cum
1310 2162 1564 2228 dicatur
1626 2162 1806 2228 filius
1851 2161 2027 2244 Dei,
2093 2163 2163 2227 id
2205 2174 2312 2228 est

315 2281 608 2361 verbum,
654 2281 1011 2347 secundnm
1035 2279 1219 2346 illam
1264 2279 1817 2366 significationem
1860 2282 2160 2363 sumitur,
2201 2302 2309 2348 sc·

300 2395 583 2460 cundum
596 2455 623 2494 κ
655 2414 847 2479 quam
903 2393 1118 2482 λογος
1190 2392 1362 2478 apud
1426 2391 1720 2460 Graecos
1782 2394 1994 2477 ipsum
2031 2396 2308 2464 :mentis

302 2520 688 2593 conceptum
754 2530 873 2574 seu
931 2509 1211 2573 rationis
1255 2507 1627 2595 significat,
1687 2529 1821 2573 non
1861 2510 2047 2576 vocis
2086 2509 2310 2592 prola·-

298 2623 572 2686 tionem.
646 2617 841 2686 Unde
863 2618 1140 2685 Boetius
1184 2620 1255 2685 in
1299 2623 1685 2707 categoriis.
1732 2624 2039 2706 quoniam
2064 2643 2311 2709 graeca

302 2736 604 2799 oratione
647 2734 865 2822 λογος
907 2719 1148 2798 dicitnr
1191 2735 1391 2800 etiam
1427 2735 1631 2800 'animi
1675 2735 1994 2844 cogitatio
2040 2745 2108 2800 et
2133 2737 2311 2802 intra

304 2868 385 2912 se
427 2849 848 2913 ratiocinatio
876 2854 971 2929 ¹);
1018 2868 1102 2911 ne
1145 2847 1293 2930 quis
1325 2846 1782 2929 Aristotelem,
1820 2834 2027 2937 [cum]
2058 2849 2311 2916 diceret

296 2957 554 3046 λογον,
596 2960 665 3025 id
702 2972 805 3024 est
833 2962 1265 3042 (o)rationem
1293 2982 1447 3027 esse
1474 2964 1933 3046 quantitatem,
1962 2962 2046 3027 de
2075 2983 2157 3028 eo
2185 2983 2305 3048 pu-
2401 2979 2406 2990 ·

302 3084 476 3137 taret
517 3071 778 3153 dicere,
826 3094 1014 3157 quem
1047 3073 1329 3160 'quisque
1371 3073 1604 3162 λογον
1645 3077 1717 3141 in
1760 3077 2162 3166 cogitatione
2205 3077 2305 3142 di·

298 3199 648 3268 sponeret,
724 3186 1012 3267 addidit,
1064 3208 1255 3271 quae
1328 3185 1407 3252 fit
1480 3209 1623 3254 cnm
1694 3209 1881 3255 voce.
1982 3186 2178 3257 Unde
2231 3177 2308 3255 'et

298 3298 539 3364 beatus·
604 3300 901 3378 meminit
924 3309 945 3334 '²
973 3298 1382 3387 Augustinus
1458 3304 1527 3367 in
1607 3300 1781 3367 libro
1849 3304 2308 3387 quaestionum

299 3408 630 3478 LXXXI.
688 3434 830 3497 cap.
873 3420 983 3479 44.
1071 3412 1148 3478 In
1214 3415 1575 3497 principio,
1641 3415 1894 3499 inquit,
1960 3405 2126 3482 erat‘
2156 3427 2307 3483 ver-

286 3522 492 3603 ·bnm,
534 3525 748 3613 ⁸quod
820 3545 1060 3612 graece
1103 3526 1321 3614 λογος
1389 3526 1665 3609 dicitnr,
1744 3527 1949 3595 latine
2013 3539 2175 3595 vero
2218 3517 2309 3596 *et

292 3638 622 3702 rationein
694 3650 761 3702 et
821 3636 1091 3704 verbum
1146 3638 1502 3725 significat.
1588 3638 1753 3706 Sed·
1789 3625 1917 3707 hoc
1967 3641 2121 3709 loco
2162 3653 2303 3708 me·

290 3749 422 3815 lius
466 3750 739 3818 verbum
783 3754 1100 3836 accipitur
1112 3763 1142 3832 ',
1210 3764 1285 3818 ut
1325 3752 1736 3839 significetur
1780 3776 1912 3821 non
1954 3744 2184 3822 solnm*
2215 3753 2304 3824 ad

266 3857 549 3944 ,patrem
588 3875 971 3948 respectus,
1032 3865 1152 3930 sed
1196 3865 1280 3931 ad
1320 3864 1443 3931 illa
1486 3868 1748 3949 etiam,
1784 3889 1954 3953 quae
1992 3886 2114 3954 per
2151 3879 2303 3935 vcr-

272 3973 445 4042 -bmn
491 3976 674 4048 facta
714 3989 891 4046 sant.
930 4011 936 4022 ·
981 3975 1224 4063 Hujus·
1259 3977 1474 4045 verbi·
1502 3969 1636 4047 v'ox
1659 4007 1669 4022 =
1692 3969 1940 4048 dicitur
1977 3971 2298 4062 Ioannes,

270 4090 471 4173 -quia'
489 4083 762 4158 verbnm
805 4089 1161 4176 praecedit
1186 4093 1558 4174 nascendo,
1614 4094 2054 4178 praedicando
2071 4139 2095 4177 ,
2159 4095 2304 4161 mo-

1840 4212 1882 4269 2
