2842 4800
2178 394 2287 469 91

293 583 449 653 gem
489 560 813 629 fecerunt.
893 557 1211 627 Nostrum
1263 577 1424 625 vero
1484 559 1862 648 conjuginm
1921 560 2007 628 ad
2058 583 2289 650 regum

299 677 680 761 conjugium
718 673 1052 739 redactum
1090 685 1232 752 est,
1278 673 1434 757 qnia
1474 692 1670 758 reges
1713 693 1976 755 sumus,
2033 675 2115 739 de
2152 679 2293 760 qui-

300 785 425 861 bns
466 787 743 853 Petrus:
805 806 927 850 nos
987 805 1209 849 sumus
1253 803 1476 872 ¹gemus
1533 784 1854 859 electum,
1911 787 2142 874 regale
2185 811 2293 853 sa-

301 899 690 969 cerdotium.
777 897 930 963 Hoc
971 910 1487 978 sacramentnm,
1534 909 1611 962 nt
1652 898 1895 964 dictum
1939 913 2079 980 est,
2133 902 2296 967 mali

299 1013 663 1085 remedium
705 1024 846 1091 est,
890 1008 1018 1076 ehi
1057 1010 1299 1077 donum
1341 1032 1477 1076 non
1519 1011 1840 1076 conferat.
1899 1010 2091 1078 Unde
2125 1035 2143 1080 t
2186 1018 2299 1099 qui

178 1186 187 1199 ,
300 1139 524 1212 potest
581 1148 815 1209 capere
871 1126 1123 1209 capiat,
1181 1124 1254 1189 id
1312 1136 1454 1205 est,
1511 1126 1621 1209 qni
1674 1137 1897 1208 potest
1958 1130 2300 1193 continere

303 1241 685 1321 contineat,
738 1240 848 1323 qui
890 1259 1021 1303 non
1076 1248 1300 1321 potest
1352 1259 1631 1303 uxorem
1685 1237 1906 1305 ducat.
1992 1240 2080 1305 Et
2121 1239 2300 1324 Apo·-

300 1354 569 1422 atolus:
633 1376 803 1419 nnus
846 1355 1119 1440 quisque
1162 1351 1407 1418 habeat
1448 1372 1637 1421 suam
1690 1364 1958 1439 propter
2011 1356 2301 1437 fornica-

232 1539 237 1545 ,
305 1469 559 1534 tionem
598 1468 957 1533 vitandam.

478 1578 716 1646 Utrum
764 1578 987 1645 clerici
1040 1574 1525 1646 matrimonium
1575 1577 1965 1647 contrahere
2021 1583 2303 1665 possint,

307 1695 539 1779 quaeri
579 1691 778 1758 solet.
889 1691 1321 1773 Sacerdotes,
1397 1693 1508 1777 qni
1566 1714 1698 1758 non
1755 1692 2093 1775 fecerunt,
2150 1719 2304 1779 pos-

308 1820 486 1876 sunt.
574 1805 650 1872 Si
691 1829 849 1873 vero
894 1805 1131 1891 aliquis
1174 1809 1245 1871 in
1290 1807 1613 1887 ecclesia,
1669 1829 1836 1891 qnae
1893 1821 2117 1893 votnm
2161 1833 2307 1877 sus..

310 1920 526 2001 cepit,
583 1914 785 1983 fuerit
840 1917 979 2000 qni.
1007 1937 1139 1981 non
1179 1927 1404 1981 votnm
1444 1916 1717 1997 fecerit,
1781 1929 2000 2000 potest
2044 1919 2306 2000 ducere,

312 2031 436 2096 ned
479 2033 550 2094 in
591 2028 876 2095 ecclesia
914 2028 1036 2094 illa
1079 2028 1366 2094 officium
1398 2050 1533 2094 non
1574 2029 1937 2112 exercebit,
1982 2034 2154 2116 qnod
2180 2047 2308 2116 est,

314 2138 697 2229 parochiam
740 2166 873 2210 non
914 2142 1191 2211 tenebit.
1278 2141 1678 2211 Graecorum
1707 2168 1867 2211 vero
1902 2148 2306 2229 sacerdotes,

317 2259 471 2342 quia
529 2269 753 2322 votnm
807 2278 939 2322 non
995 2269 1457 2340 susceperunt,
1523 2256 1702 2324 bene
1765 2279 2009 2324 uxores
2073 2262 2310 2327 ducere

314 2379 627 2456 possunt,
689 2369 836 2453 qni,
893 2369 1152 2454 qnando
1212 2381 1719 2452 consecrantur,
1783 2370 1867 2437 de
1921 2394 2119 2439 mann
2174 2376 2314 2458 epi·
2429 2368 2438 2379 ’

220 2525 225 2534 ,
313 2487 502 2567 scopi
543 2504 787 2549 uxores
830 2484 1157 2567 accipiunt
1208 2495 1278 2547 et
1319 2485 1652 2571 virgines,
1711 2507 1881 2569 qnae
1922 2490 1983 2551 si
2024 2490 2313 2552 morian-

315 2610 459 2679 tur,
503 2619 636 2662 non
680 2596 852 2662 alias
896 2598 1260 2680 accipiunt,
1314 2618 1437 2662 nec
1477 2599 1666 2680 ipsae
1711 2598 1882 2664 alios
1914 2607 2027 2682 2⁶).
2108 2601 2316 2667 Prae-

317 2724 576 2795 ceptum
621 2712 821 2775 etiam
865 2722 1009 2775 erat
1045 2713 1182 2789 eie,
1239 2722 1313 2775 nt
1353 2712 1802 2795 unusquisqne
1848 2713 1931 2777 de
1980 2713 2153 2779 tribu
2193 2736 2318 2790 sua

315 2848 563 2895 uxorea
603 2826 894 2906 duceret,
939 2846 1024 2890 nc
1059 2823 1266 2891 tribus
1306 2826 1883 2892 commiscerentur
1923 2839 1991 2892 et
2025 2850 2109 2893 ne
2139 2840 2320 2894 tran-

319 2941 491 3004 siret
528 2940 868 3022 possessio
912 2939 1105 3003 unius
1148 2937 1354 3003 tribus
1385 2939 1456 3001 in
1473 2941 1974 3020 zposseasionem
2015 2941 2315 3021 alterius,

319 3053 479 3136 qnia
521 3063 698 3118 terra
739 3071 859 3134 per
901 3049 1110 3116 tribus
1152 3050 1371 3115 divisa
1411 3062 1580 3118 erat.
1666 3048 1858 3118 Nunc
1914 3065 2135 3122 antem
2187 3076 2320 3124 non

321 3162 526 3244 licet,
566 3162 688 3227 sed
733 3161 818 3256 de
884 3161 1108 3229 aliena
1165 3173 1403 3248 gente,
1472 3164 1645 3246 quod
1708 3163 1996 3254 ecclesia
2057 3180 2323 3249 propter

325 3277 871 3363 propagationem
906 3275 1220 3356 caritatis,
1265 3274 1497 3359 (qnod)
1540 3297 1583 3340 a
1622 3275 1936 3343 Romanis
1973 3278 2322 3359 (ecclesia)

323 3391 604 3473 accepit.
688 3387 975 3454 Romani
1016 3389 1226 3469 enim,
1274 3388 1535 3474 qnando
1580 3391 1936 3457 amicitiam
1980 3413 2125 3458 cnm
2168 3392 2323 3458 aliie
2441 3443 2448 3456 ,

323 3507 706 3574 civitatibus
748 3507 974 3573 facere
1015 3505 1373 3586 volebant,
1435 3527 1684 3573 uxorea
1728 3530 1816 3574 ex
1869 3509 1968 3575 eie
2024 3510 2110 3575 ad
2168 3532 2324 3575 con-

328 3620 856 3688 foederationem
900 3620 1229 3686 amicitiae
1272 3618 1623 3686 ducebant.
1717 3619 2043 3688 Similiter
2089 3622 2327 3689 Eccle-

326 3734 433 3799 sia
475 3736 851 3815 constituit,
916 3744 993 3799 nt
1034 3753 1168 3797 non
1212 3732 1296 3797 de
1349 3752 1472 3798 ena
1530 3733 1651 3799 ned
1695 3733 1778 3799 de
1820 3732 2044 3802 aliena
2098 3757 2330 3825 prosa-

329 3847 442 3931 pia
491 3867 769 3914 uxorem
824 3848 971 3932 quis
1026 3824 1258 3927 ducat,
1300 3846 1457 3931 qnia
1511 3865 1644 3912 non
1698 3849 1950 3936 putavit
2014 3847 2142 3938 hoc
2190 3848 2328 3914 suf.

331 3958 537 4028 ficere
592 3960 679 4026 ad
739 3958 1197 4027 dilatationem
1267 3953 1602 4042 caritatis,
1652 3942 1828 4027 -ΨΙῙΒ
1881 3959 2000 4023 Ρθῐ
2057 3960 2335 4006 mmmm

334 4093 541 4161 gnam
576 4071 817 4161 accipit
869 4082 1095 4144 totam.
1140 4059 1327 4129 illam
1380 4057 1765 4148 progeniem
1805 4053 2048 4144 diligit.
2113 4050 2338 4123 Multa

2474 4061 2501 4114 '
2547 4027 2550 4030 ,
