2842 4800
2195 396 2306 471 18

308 578 384 643 in
445 575 893 659 omnipotente
960 572 1256 639 veritatis
1315 567 1656 654 plenitudo
1712 567 2101 635 ostenditur.
2187 562 2311 633 Est

307 705 591 771 namque
638 707 752 768 per
792 686 1155 774 ingenitam
1198 682 1509 747 deitatem
1553 682 1991 764 omnipotens,
2033 698 2151 762 per
2190 672 2310 761 po·

309 800 589 864 tentiam
630 809 844 881 pater.
933 791 1404 860 lnnascibilem
1471 796 1539 858 in
1589 793 1717 859 hoc
1761 794 1911 858 loco
1952 794 2314 858 increatum

309 911 497 976 dicit.
588 910 961 996 Ingenitam
1022 905 1333 969 deitatem
1392 903 1610 968 Deum
1673 899 1998 985 appellat,
2060 900 2131 965 id
2187 912 2313 982 est,

311 1038 461 1083 eum
516 1015 734 1081 solum
793 1038 877 1081 ex
932 1015 1140 1080 tribus
1198 1017 1498 1098 personis
1540 1016 1904 1102 ingenitum
1949 1011 2315 1095 profitetur,

311 1149 461 1194 cum
504 1126 691 1192 solus
733 1106 877 1210 ipse
923 1149 1054 1194 non
1096 1133 1186 1191 sit
1231 1127 1314 1191 ab
1360 1127 1536 1207 alio,
1603 1137 1905 1191 caeterae
1970 1146 2128 1189 vero
2169 1144 2317 1207 per-

314 1262 524 1307 sonae
572 1240 655 1305 ab
699 1243 844 1323 ipso
889 1244 1047 1306 sint.
1137 1238 1335 1316 Quod
1403 1262 1565 1306 vero
1630 1239 1872 1305 dictum
1917 1250 2020 1302 est
2058 1260 2178 1323 per
2218 1239 2321 1302 in·

316 1355 614 1441 genitam
660 1354 975 1419 deitatem
1034 1356 1446 1438 omnipotens
1504 1363 1572 1416 et
1624 1372 1743 1436 per
1777 1340 2322 1434 omnipotentiam

316 1466 533 1551 pater‚'
580 1479 807 1549 aperte
849 1469 1181 1547 innuitur,
1227 1467 1313 1532 ad
1355 1466 1568 1532 solam
1613 1468 1817 1549 patris
1858 1458 2322 1548 proprietatem

321 1579 705 1664 specialiter
759 1584 1120 1665 potentiam
1181 1581 1553 1663 pertinere,
1622 1580 1780 1644 licet
1840 1600 1971 1643 una
2027 1595 2325 1662 quaeque

321 1714 752 1776 personarum
799 1714 943 1758 cum
983 1705 1175 1775 patre
1214 1693 1512 1777 ejusdem
1553 1694 1643 1757 sit
1667 1692 2105 1772 substantiae,
2152 1693 2329 1776 ejus-

324 1808 478 1872 dem
518 1807 606 1870 sit
645 1806 907 1889 penitus
948 1802 1307 1888 potentiae.

1144 2017 1357 2102 Caput:
1398 2018 1518 2085 VI.

334 2152 632 2222 Quaedam
665 2154 762 2209 nni
796 2167 1086 2222 personae,
1123 2158 1182 2206 et
1214 2168 1323 2204 non
1359 2151 1456 2205 alii
1489 2151 1800 2214 convenire,
1832 2149 2107 2222 quaedam
2125 2150 2198 2205 de
2222 2160 2336 2205 uus

477 2253 628 2317 dici,
661 2259 722 2306 et
757 2252 828 2307 de
863 2252 1121 2308 omnibus
1148 2251 1382 2322 intelligi
1416 2251 1623 2307 solere.
2191 2330 2195 2335 ,

505 2373 708 2440 Juxta
737 2393 962 2438 earum
991 2373 1184 2437 trium
1217 2384 1642 2455 personarum
1667 2348 2102 2457 proprietates
2134 2394 2335 2461 quae-

334 2489 490 2554 dam
524 2484 911 2588 ⁸specialiter
955 2489 1354 2552 conveniunt
1388 2488 1534 2564 uni,
1580 2508 1746 2570 quae
1784 2507 1915 2552 non
1947 2487 2087 2567 alii,
2135 2508 2337 2582 quae·

338 2604 488 2668 dam
534 2604 616 2667 de
663 2602 888 2686 aliqua
949 2623 1170 2667 earum
1238 2601 1368 2665 dici
1432 2614 1501 2665 et
1563 2605 1774 2685 accipi
1836 2600 2092 2682 solent,
2169 2623 2339 2688 quae

328 2718 530 2801 juxta
577 2735 801 2779 earum
847 2727 1114 2778 naturae
1158 2714 1573 2778 identitatem
1616 2713 1897 2801 singulis
1942 2718 2163 2779 inesse
2207 2737 2341 2781 non

343 2827 770 2912 ambigimuS,
816 2840 887 2892 ut
930 2830 1257 2910 sapientia
1297 2827 1479 2906 filio,
1525 2831 1767 2892 caritas
1811 2815 2340 2911 spiritui‘saneto

314 2930 728 3021 ‘specialiter
774 2938 1202 3020 attribuatur,
1270 2961 1414 3004 cum
1479 2951 1699 3006 tamen
1745 2952 1876 3005 tam
1915 2952 2106 3023 pater
2147 2961 2341 3025 quam

343 3051 526 3119 filius
571 3073 763 3135 quam
806 3055 1072 3136 spiritus
1117 3062 1422 3130 sanctus,
1490 3052 1611 3116 sed
1654 3055 1854 3119 etiam
1898 3065 2039 3119 tota
2082 3055 2344 3120 trinitas

343 3168 674 3250 sapientia
718 3168 806 3231 sit
860 3179 929 3231 et
990 3165 1296 3230 similiter
1338 3176 1474 3230 tam
1515 3178 1701 3247 pater
1741 3168 1886 3249 ipse
1931 3189 2125 3250 quam
2164 3166 2345 3235 filius

316 3281 590 3356 joaritas
635 3280 764 3345 dici
808 3280 1042 3361 possit,
1089 3281 1189 3343 sie
1226 3280 1449 3359 etiam,
1486 3280 1682 3363 juxta
1726 3300 2151 3363 personarum
2193 3301 2343 3363 pro·
2397 3281 2402 3290 ’

340 3396 694 3478 prietates,
731 3391 1082 3476 quaedam»
1113 3383 1317 3475 opera
1357 3391 1739 3474 specialiter
1781 3391 1977 3456 alicui
2018 3407 2344 3475 personae

347 3504 830 3584 attribuuntur,
878 3507 1175 3588 quamvis
1208 3504 1505 3568 ‘indivisa
1548 3507 1748 3568 totius·
1794 3497 2351 3589 trinitatis‘opera

272 3651 303 3674 ·-
347 3617 804 3703 praedicentur
849 3628 917 3681 et
958 3615 1263 3700 quicquid
1306 3615 1391 3680 ab
1434 3637 1567 3680 una
1609 3631 1830 3681 earum
1853 3615 1953 3696 fit,
1999 3637 2040 3679 a
2067 3615 2349 3702 singulis

346 3729 495 3795 fieri
539 3740 818 3796 constet.
886 3726 1031 3793 Soli
1075 3729 1310 3812 quippe
1331 3726 1478 3794 filio
1504 3731 1716 3793 carnis
1747 3730 2075 3811 susceptio
2102 3728 2348 3794 adseri·

347 3839 563 3922 bitur,
625 3861 796 3926 aqua
851 3852 919 3906 et
973 3842 1206 3924 spiritu
1262 3852 1492 3904 sancto
1536 3851 1828 3921 tantum,
1892 3861 2024 3905 non
2067 3862 2238 3925 aqua
2280 3850 2350 3904 et

351 3966 542 4038 patre
585 3952 698 4018 vel
734 3950 880 4018 filio
926 3953 1305 4039 regenerari
1349 3952 1610 4031 dicitur,
1656 3973 1801 4017 eum
1842 3956 2161 4018 tamenin
2200 3954 2349 4018 istis

353 4067 558 4133 totius
615 4065 926 4132 trinitatis
993 4064 1286 4149 operatio
1344 4063 1633 4129 affuerit.
1719 4060 1855 4130 Sed
1914 4065 2013 4131 sie
2053 4085 2223 4151 quae
2264 4062 2350 4133 sd
2405 4083 2428 4128 *a
