2842 4800
2171 385 2334 463 118

326 564 401 631 in
454 559 676 625 futuro
746 554 1141 641 expiandum
1178 554 1638 643 ‚relinquatun
1741 553 2328 643 Quantumcunque

330 672 656 759 siquidem
697 670 919 737 futura
958 690 1173 755 poena
1213 691 1420 754 parva
1475 667 1829 750 subsistat,
1894 668 2327 758 qualibet-to-

328 808 483 852 men
525 784 722 870 hujus
764 786 944 850 vitae
1006 784 1399 871 gravissima
1453 783 1718 870 gravior
1779 792 1930 849 esse
1987 785 2329 851 contendi·-

330 914 459 967 tur.
548 896 881 976 Quantum
941 900 1144 985 igitur
1197 896 1393 982 hujus
1456 899 1636 963 vitae
1677 897 2052 963 satisfactio
2095 918 2328 965 neces..

332 1017 512 1082 saria
552 1016 678 1093 sit,
740 1035 833 1078 ex
874 1011 1232 1096 praedictis
1270 1010 1555 1094 pleniter
1596 1010 1941 1093 probatum
1967 1032 2139 1076 esse
2183 1013 2326 1078 exi·

331 1134 567 1197 stimm
642 1127 837 1205 Quod
877 1147 1037 1192 vero
1081 1123 1388 1212 gehenna
1429 1126 1708 1191 remissa
1746 1144 1961 1208 poena
1997 1130 2330 1208 tempora..

329 1243 488 1310 liter
531 1243 812 1321 existat,
873 1242 945 1304 in
988 1238 1379 1323 baptismate
1424 1238 1772 1304 manifeste
1815 1250 2118 1321 apparet,
2178 1239 2330 1323 quia

333 1378 479 1422 cum
522 1355 619 1420 ibi
661 1352 990 1441 gebenna,
1037 1374 1203 1437 quae
1230 1373 1348 1434 pro
1372 1349 1687 1439 originali
1712 1363 2011 1433 peccate,
2050 1350 2332 1418 dimissa

332 1473 462 1550 sit,
518 1478 744 1534 manet
782 1480 1001 1532 tamen
1042 1464 1391 1533 dissolutio
1438 1467 1767 1547 corporis,
1832 1474 2062 1529 manet
2099 1476 2329 1557 et'nu-

332 1603 595 1650 merosa
652 1578 1023 1645 defectuum
1080 1577 1453 1647 multitudo.
1539 1576 1733 1644 Unde
1759 1575 2187 1664 Augustinus
2247 1575 2331 1641 de

337 1692 592 1784 origine
630 1696 925 1779 peccati}
990 1694 1267 1772 transit,
1324 1694 1575 1777 inquit,
1618 1702 1848 1771 reatu,
1890 1703 2116 1757 manet
2154 1701 2329 1771 actu·

245 1856 255 1876 .
336 1807 534 1886 Quod
576 1828 709 1874 non
778 1804 993 1872 solum
1052 1802 1136 1869 ob
1196 1806 1339 1889 jam
1403 1803 1649 1869 dictam
1701 1818 1971 1871 causam
2029 1806 2332 1896 contigit,

338 1924 460 1988 sed
500 1934 574 1986 ut
612 1922 788 1986 idem
831 1920 928 1984 ait
968 1919 1413 2006 Augustinus,
1481 1934 1700 2001 foena
1749 1920 1884 1984 iata
1933 1917 2014 1985 fit
2056 1921 2333 1987 materia

340 2032 750 2099 exercendae
792 2033 1074 2101 virtutis.
1163 2029 1399 2096 Omnis
1467 2033 1702 2115 quippe
1756 2033 1965 2097 virtus
2015 2035 2095 2097 in
2149 2031 2333 2101 infir-

337 2147 564 2212 mitate
617 2144 976 2229 perficitur.
1072 2142 1398 2209 Remanet
1455 2165 1742 2229 quoque·
1775 2142 1900 2209 hac
1957 2144 2056 2209 ‘de
2109 2158 2333 2227 causa,

338 2270 413 2324 ut
453 2259 548 2322 ait
586 2259 765 2324 idem
806 2257 1250 2345 Augustinus,
1309 2277 1391 2322 ne
1448 2254 1690 2345 aliquis
1750 2257 1835 2320 ad
1876 2255 2186 2340 baptismi
2221 2279 2334 2325 sa-

216 2390 223 2402 ’
340 2382 740 2438 crumentum
755 2379 842 2454 ⁸²)
866 2371 951 2436 ad
965 2371 1337 2454 praesentis
1360 2370 1538 2435 vitae
1559 2368 2124 2440 immortalitatem
2143 2392 2336 2440 acce-

338 2488 527 2553 deret
566 2498 635 2553 et
677 2507 808 2551 non
851 2497 1114 2570 propter
1156 2481 1412 2563 Deum,
1474 2496 1546 2579 ρετ
1585 2485 1852 2549 sic'aec
1891 2488 2087 2552 istam
2129 2488 2337 2560 vim

339 2601 538 2688 digne
582 2597 858 2665 haberet
914 2619 1034 2668 nec
1094 2598 1185 2664 ad
1244 2609 1583 2662 aeternam
1622 2600 2017 2680 perveniret.
2105 2596 2334 2665 Scien-

340 2714 495 2780 dum
535 2735 831 2802 quoque,
898 2712 1073 2796 quod
1128 2733 1213 2777 an
1255 2722 1529 2794 peccata
1567 2711 1748 2795 prius
1791 2710 2061 2778 dimissa
2101 2722 2339 2796 postea

340 2825 654 2908 redeant,
700 2831 798 2907 (a)
840 2822 1173 2909 plerisque
1217 2823 1594 2910 ambiguum
1633 2824 1925 2892 videtur:
1973 2825 2142 2909 quod
2191 2825 2333 2909 qui-

232 2997 235 3000 ,
340 2939 493 3004 dem
534 2961 621 3004 ex
661 2938 788 3005 illa
827 2934 1215 3021 parabolica
1257 2934 1685 3002 similitudine
1716 2936 1975 3022 quidam
2004 2936 2338 3004 affirmare

339 3056 667 3117 nituntur:
733 3050 939 3116 Serve
981 3071 1299 3134 nequem,
1359 3069 1554 3114 omne
1599 3047 1888 3116 debitum
1930 3051 2148 3119 dimisi
2189 3049 2334 3117 tibi.

242 3145 250 3154 ⁸
342 3164 555 3248 Super
597 3162 768 3229 hunc
811 3163 1133 3249 siquidem
1171 3161 1388 3228 locum
1432 3166 1527 3226 ait
1559 3162 2041 3247 Hieronymus:
2088 3162 2162 3229 Si
2203 3184 2335 3229 non

341 3276 775 3342 dimiserimus
804 3279 907 3341 'ex
951 3275 1190 3355 corde,
1247 3276 1420 3360 quod
1474 3277 1543 3339 in
1587 3255 1779 3341 nobis
1822 3273 2223 3361 delinquitur
2267 3288 2337 3340 et

339 3388 469 3455 hoc
512 3390 683 3475 quod
721 3411 840 3474 per
879 3390 1348 3475 poenitentiam
1407 3387 1745 3455 dimissum
1804 3401 1947 3454 erat
1968 3435 1991 3469 ,
2058 3411 2099 3454 a
2139 3387 2334 3454 nobis

336 3475 652 3590 exigitur.
739 3501 920 3569 Idem
965 3521 1220 3586 quoque
1264 3499 1500 3566 beatus
1536 3499 1897 3588 Gregorius
1939 3502 2010 3566 in
2056 3500 2335 3586 quadam

339 3615 616 3683 homilia
657 3617 775 3684 ait.
867 3615 999 3681 Sed
1066 3617 1164 3681 sic
1223 3615 1418 3680 debet
1481 3614 1808 3703 intelligi,
1879 3593 2057 3700 quo¹d
2111 3615 2335 3680 dicunt

342 3727 426 3793 de
467 3731 683 3795 reditu
723 3730 1011 3813 peccati:
1077 3725 1400 3792 Peccator
1454 3727 1568 3808 fit,
1627 3729 1800 3793 sicut
1840 3728 2017 3812 prius
2063 3737 2208 3793 erat
2266 3738 2336 3791 et

341 3841 424 3908 de
465 3843 935 3929 ingratitudine
995 3841 1489 3909 misericordiae
1548 3840 1677 3906 sibi
1730 3844 2067 3926 impensae
2119 3841 2335 3928 magis

338 3953 839 4047 reussefficitur.
908 3954 998 4021 Et
1037 3953 1166 4023 hoc
1187 3965 1316 4036 est,
1360 3954 1536 4039 quod
1576 3955 1677 4019 ait
1711 3956 1783 4019 in
1824 3952 1948 4020 illa
1986 3951 2329 4038 parabola,

337 4086 556 4135 nonne
599 4067 888 4151 oportuit
934 4078 1003 4134 et
1051 4080 1117 4136 te
1159 4069 1459 4136 misereri
1513 4068 1817 4135 conservi
1859 4067 1994 4148 tui,
2054 4066 2227 4133 sicut
2267 4076 2335 4131 et

1876 4185 1918 4244 8
