2842 4800
579 546 873 627 biamus,
920 544 1025 610 sic
1062 552 1292 610 cortex
1336 550 1406 608 et
1447 551 1619 610 testa
1659 539 1896 612 literae
1937 542 2304 632 frangenda
2333 555 2470 626 est,
2500 544 2575 610 id
2641 610 2647 615 .

580 670 720 739 est,
762 660 976 724 series
1018 656 1721 740 literaeexponenda,
1789 669 1863 722 ut
1913 657 1997 722 ad
2047 656 2441 738 medullam,
2497 658 2573 723 id

579 784 718 852 est,
771 771 854 834 ad
896 772 1279 835 interiorem
1322 792 1588 843 sensum
1631 771 1857 835 venire
1900 769 2266 836 valeamus.

724 883 936 949 ‚Solet
970 905 1227 968 quoque
1269 885 1530 967 quaeri,
1575 883 1771 967 quale
1812 882 2148 966 discipulis
2188 886 2400 966 ipsum
2436 894 2569 949 tra-

576 996 776 1077 didit,
840 995 1157 1080 passibile
1210 995 1527 1061 videlicet
1584 1018 1669 1062 an
1726 995 2159 1080 impassibile.
2242 995 2350 1061 Ad
2392 995 2568 1080 quod

574 1109 891 1190 dicimus,
936 1111 1108 1193 quod
1152 1109 1234 1176 de
1278 1112 1667 1175 auctoritate
1710 1109 1837 1175 hoc
1878 1110 2231 1175 diffinitum
2252 1098 2404 1174 ‘non
2447 1107 2569 1174 ha-

460 1268 464 1281 ·
573 1220 827 1289 bemus.
910 1223 1270 1289 Possumus
1315 1235 1536 1288 tamen
1580 1223 1665 1286 de
1710 1221 1837 1287 hoc
1879 1243 2107 1287 secure
2142 1221 2574 1314 respondere,

575 1338 750 1423 quod
804 1336 984 1401 dedit
1042 1336 1182 1409 tale
1234 1335 1445 1421 *quale
1505 1336 1736 1402 voluit.
1839 1335 1915 1400 Si
1974 1337 2146 1399 enim
2202 1334 2415 1400 voluit
2466 1334 2567 1400 eis

574 1451 834 1516 tradere
874 1450 1286 1531 immortale,
1332 1450 1501 1514 bene
1545 1450 1801 1534 quidem
1843 1451 1914 1514 in
1958 1448 2081 1513 illo
2127 1460 2418 1531 tempore
2444 1449 2566 1511 im-

569 1563 1081 1649 passibilitatem
1122 1564 1228 1627 sui
1269 1563 1483 1645 potuit
1525 1582 1895 1642 assumere,
1938 1562 2109 1627 sicut
2151 1563 2317 1626 etin
2351 1568 2566 1625 morte

569 1679 875 1744 claritate
920 1697 994 1741 se
1036 1676 1216 1741 vitae
1265 1672 1652 1740 immortalis
1708 1676 2108 1741 venustavit.
2210 1673 2285 1737 Si
2342 1685 2564 1739 autem

450 1874 457 1883 s
569 1789 860 1858 voluerit
915 1791 1072 1854 dare
1126 1788 1446 1872 passibile
1504 1801 1573 1854 et
1615 1787 1741 1868 hoc
1782 1791 2005 1872 utique
2046 1789 2291 1872 potuit,
2334 1790 2431 1853 ita
2464 1801 2562 1852 ta-

565 1925 755 1985 men,
818 1904 991 1988 quod
1049 1925 1193 1969 cum
1230 1923 1475 1981 ,eorum
1533 1900 1839 1966 dentibus
1898 1913 2329 1983 attereretur,
2392 1901 2563 1969 nihil

569 2017 725 2084 inde
785 2018 1061 2081 sentiret
1116 2013 1410 2098 nihilque
1468 2014 1857 2079 defectionis
1897 2017 1967 2080 in
2025 2037 2101 2080 se
2157 2028 2558 2085 assumeret:

567 2133 738 2198 sicut
781 2118 1222 2195 etiam‘beato
1265 2127 1617 2194 Vincentio
1663 2128 1868 2193 talem
1910 2131 2203 2212 corporis
2255 2129 2557 2195 solidita-

565 2257 698 2309 tem
740 2244 954 2323 dedit,
1017 2243 1189 2329 quod
1230 2263 1459 2325 parum
1500 2241 1583 2307 da
1638 2241 1779 2315 illis
1841 2243 2220 2325 tormentis,
2284 2265 2451 2327 quae
2496 2245 2561 2308 ei

561 2354 1054 2437 inferebantur,
1097 2358 1330 2422 sensit.
1419 2356 1494 2424 Si
1540 2356 1712 2422 enim
1757 2356 2039 2442 aliquis,
2097 2344 2207 2441 [lui
2263 2377 2395 2423 non
2438 2356 2592 2422 ha·—

560 2466 752 2535 beret
796 2471 1092 2536 eamdem
1133 2470 1266 2534 vim
1307 2470 1378 2532 in
1424 2489 1696 2551 corpore
1738 2491 1898 2550 suo,
1946 2481 2195 2535 tantum
2236 2471 2554 2536 decimam

559 2595 812 2666 partem
857 2581 1125 2648 illarum
1166 2602 1523 2664 poenarum
1564 2583 2007 2667 suscepisset,
2051 2604 2377 2667 nunquam
2417 2605 2555 2649 am-

559 2694 734 2779 plius
776 2698 1006 2761 vivere
1063 2684 1316 2779 posset.
1415 2693 1772 2776 Similiter,
1832 2698 1895 2761 si
1958 2696 2256 2764 Christus
2318 2697 2554 2781 vellet,

561 2829 790 2873 omnes
836 2807 1050 2888 alias,
1092 2818 1227 2873 tam
1268 2807 1683 2874 infirmitates
1726 2811 2060 2893 corporis,
2115 2833 2307 2895 quam
2351 2813 2553 2878 affec-

557 2922 777 2988 tiones
823 2922 1025 2985 animi
1068 2907 1501 3004 deposuisset.

728 3033 836 3099 De
873 3036 1095 3118 specie
1143 3056 1399 3118 quoque
1456 3032 1580 3101 illa
1633 3035 1822 3117 panis
1881 3045 1949 3099 et
2004 3036 2140 3100 vini
2197 3032 2552 3119 dubitatur,

559 3149 751 3232 cujus
792 3147 932 3214 sit?
1016 3145 1125 3213 Ad
1171 3147 1344 3232 quod
1397 3169 1563 3212 sane
1616 3148 2179 3236 respondendum,
2237 3141 2409 3233 quod
2448 3153 2554 3234 ip-

555 3282 701 3327 sum
742 3282 973 3344 corpus
1013 3273 1278 3346 propter
1335 3258 1673 3340 horrorem
1723 3262 2142 3348 assumendi,
2202 3282 2315 3328 eas
2361 3265 2432 3329 in
2471 3286 2551 3330 so

555 3375 804 3440 formas
845 3376 1145 3458 recipiat.
1232 3371 1406 3440 Nam
1445 3376 1505 3440 si
1573 3386 1967 3458 opponatur,
2036 3375 2244 3459 quod,
2289 3397 2374 3441 ex
2416 3397 2547 3460 quo

553 3488 722 3555 illud
781 3509 1011 3572 corpus
1069 3489 1416 3568 assumsit,
1480 3508 1809 3573 nunquam
1866 3490 2144 3555 sormam
2200 3488 2386 3556 illius
2430 3490 2547 3555 de-

555 3602 774 3685 posuit
838 3613 907 3667 et
974 3601 1123 3665 ideo
1185 3599 1385 3666 aliam
1446 3593 1763 3681 formam,
1838 3600 1961 3666 illa
2018 3623 2150 3676 non
2216 3602 2545 3686 deposita,

554 3711 803 3778 habere
867 3734 1001 3777 nou
1056 3722 1316 3797 potest,
1387 3712 1703 3795 dicimus,
1773 3715 1927 3797 quia
1985 3716 2161 3778 sicut
2218 3714 2392 3799 quod
2456 3714 2543 3780 do

554 3822 803 3908 Spiritu
840 3836 1070 3892 sancto
1111 3837 1500 3909 conceptum
1545 3838 1689 3908 est,
1732 3827 1907 3911 quod
1948 3825 2175 3893 clauso
2218 3839 2409 3893 utero
2442 3829 2550 3892 in-

554 3943 752 4008 travit
791 3953 859 4007 et
902 3943 1149 4023 exivit,
1200 3940 1375 4028 quod
1417 3961 1616 4026 super
1657 3962 1863 4027 aquas
1919 3941 2314 4022 ambulavit,
2372 3943 2552 4027 quod

554 4053 800 4124 clausis
835 4057 1060 4143 januis
1103 4055 1192 4124 ad
1243 4055 1604 4156 discipulos
1657 4057 1966 4140 intravit,
2025 4058 2198 4145 quod
2240 4055 2437 4126 simul
2480 4060 2560 4123 οἱ
