2842 4800
471 410 600 485 2&
712 494 723 503 .

478 593 806 648 conventa
827 555 1207 665 perficitnrs
1232 603 1374 646 cum
1421 604 1508 649 ex
1550 584 1711 666 ipsis
1742 601 1929 647 suum
1951 601 2104 648 esse
2125 579 2474 660 contrahit,

474 716 562 760 ex
605 693 837 780 quibus
881 708 983 761 est
1010 697 1457 762 constitutum.
1522 694 1737 761 Omne
1760 697 1984 775 etiam,
2017 696 2228 780 inquit
2246 692 2470 772 Plato,

474 809 647 893 quod
699 811 998 894 junctum
1042 822 1147 875 est
1188 821 1463 891 natura,
1524 807 1911 876 dissolubile
1959 821 2082 874 est.
2174 806 2369 884 Quod
2411 808 2472 872 si

470 923 770 1004 spiritum
813 922 1059 988 domini
1103 936 1369 989 ventum
1409 921 1816 1009 intelligant,
1860 925 2031 999 sicat
2057 923 2151 988 ibi
2175 925 2472 1006 accipere

469 1033 726 1115 volunt,
770 1037 1039 1118 spiritus
1080 1037 1329 1130 *domini
1372 1035 1708 1103 ferebatur
1749 1058 1944 1119 super
1977 1057 2206 1119 aquae,
2247 1058 2355 1115 eo,
2398 1046 2474 1099 ut

471 1153 684 1236 ajunt,
730 1152 902 1235 quod
944 1164 1180 1217 ventus
1225 1155 1293 1217 in
1338 1154 1525 1236 aquis
1571 1170 1734 1235 quas
1779 1162 2147 1216 commovet
2183 1150 2472 1214 maxime

470 1276 804 1348 appareat3
852 1265 1173 1350 quomodo
1212 1244 1503 1349 spiritns,
1547 1265 1615 1328 id
1661 1276 1764 1329 est
1803 1265 1998 1328 flatus
2043 1263 2177 1326 oris
2223 1260 2471 1325 domini

470 1399 622 1443 esse
664 1378 941 1483 dicatnr3
988 1398 1131 1443 eum
1176 1376 1492 1442 videlieet
1534 1398 1747 1461 neque
1805 1397 1881 1441 os
1925 1397 2139 1458 neque
2185 1372 2471 1458 aliquam
2585 1438 2590 1441 .

467 1501 744 1576 partem,
788 1505 862 1556 ut
904 1492 1148 1557 dictum
1195 1503 1320 1570 est,
1368 1489 1634 1556 habeat.
1727 1488 2070 1564 Quomodo
2116 1489 2315 1552 etiam
2354 1507 2475 1569 per

468 1607 735 1670 ventum
778 1606 986 1668 virtus
1058 1602 1231 1669 coeli
1295 1615 1362 1668 et
1421 1616 1638 1667 terrae
1680 1600 2025 1667 subsistit?
2085 1598 2472 1686 Intelligant

471 1738 655 1804 ergo,
702 1716 873 1782 hune
918 1739 1067 1782 esse
1115 1702 1305 1783 illum
1350 1719 1648 1801 spiritum
1693 1716 1976 1795 domini,
2027 1717 2216 1799 cujus
2271 1715 2470 1796 septi·

466 1829 741 1896 formem
785 1810 1064 1916 gratiam
1106 1827 1318 1896 Isaias
1364 1828 1745 1895 describens
1792 1831 1919 1893 ait:
1989 1839 2057 1891 et
2100 1828 2470 1910 requiescet

468 1966 667 2028 snper
710 1966 857 2009 eum
902 1932 1167 2028 spiritus
1213 1945 1485 2021 domini,
1536 1943 1800 2026 spiritns
1843 1940 2211 2025 sapientiae
2258 1953 2324 2005 et
2366 1945 2467 2006 in-

468 2059 775 2125 tellectus
843 2071 911 2123 et
974 2071 1260 2123 caetera.
1351 2057 1439 2122 Et
1500 2054 1701 2122 alibit
1773 2067 1841 2120 et
1900 2055 2306 2120 nuncxmisit
2361 2075 2468 2117 me

468 2172 771 2241 dominus
816 2187 883 2236 et
911 2174 1187 2254 spiritus
1259 2173 1402 2255 ejus
1428 2216 1447 2251 ,
1517 2182 1585 2233 et
1640 2190 1864 2235 rursus
1909 2170 2174 2251 spiritns
2219 2152 2468 2234 domini

464 2307 661 2369 super
701 2307 849 2377 me,
920 2306 999 2350 eo
1046 2284 1219 2369 quod
1285 2285 1549 2350 unxerit
1612 2305 1755 2362 me,
1822 2283 1903 2346 ad
1952 2282 2467 2346 adnuntiandum

464 2382 828 2465 mansuetis
871 2400 1049 2463 misit
1092 2420 1220 2464 me.
1309 2394 1415 2461 De
1465 2417 1591 2481 quo
1651 2408 1719 2460 et
1758 2395 1827 2461 in
1874 2384 2251 2478 Sapientiae
2295 2393 2466 2459 libro

465 2511 736 2575 dicitur:
784 2509 1167 2593 disciplinae
1213 2510 1479 2592 spiritus
1527 2510 1798 2594 effugiet
1839 2506 2102 2586 fictum,
2145 2506 2469 2593 benignus

466 2628 641 2691 enim
683 2627 947 2708 spiritus
1003 2625 1495 2706 sapientiaeqet
1563 2634 1850 2687 caetera.
1937 2620 2046 2686 De
2091 2641 2219 2704 qno
2267 2619 2468 2684 etiam

465 2761 611 2805 eum
652 2737 972 2819 subditur,
1018 2750 1084 2802 et
1122 2735 1254 2800 hoc
1300 2735 1471 2819 quod
1514 2736 1807 2799 continet
1861 2735 2079 2799 omnia
2124 2735 2468 2798 scientiam

463 2850 667 2918 habet
706 2853 912 2932 vocis»,
962 2862 1187 2934 aperte
1231 2851 1376 2932 ipse
1421 2849 1686 2931 spiritus
1732 2847 1918 2912 Deus
1963 2868 2113 2911 esse
2156 2845 2467 2928 perhibe-

464 2977 593 3046 tur,
639 2986 785 3030 enm
830 2966 1049 3030 omnia
1091 2963 1430 3027 continere
1457 2963 1730 3028 dicatur.
1790 2961 1875 3024 Et
1915 2962 2149 3025 iterum
2180 2960 2462 3044 loquens

464 3078 548 3145 ad
592 3079 810 3144 Deum
864 3077 1190 3161 sapientia
1234 3078 1425 3141 dicit:
1490 3097 1756 3141 sensum
1818 3086 2039 3139 autem
2094 3087 2273 3138 tuum
2321 3075 2467 3157 quis

463 3192 811 3258 scivit'3—
852 3202 918 3253 et
942 3191 1203 3254 miseris
1229 3191 1526 3272 spiritum
1560 3200 1858 3254 sanctum
1888 3200 2064 3252 tuum
2091 3188 2172 3252 de
2218 3186 2466 3252 altissi-

460 3310 610 3374 miS.
699 3308 785 3371 Et
827 3325 1087 3370 rursus:
1138 3326 1329 3388 quam
1372 3303 1583 3368 bonus
1629 3314 1698 3367 et
1735 3305 1961 3368 suavis
2008 3305 2271 3386 spiritus
2317 3315 2466 3368 tuus

459 3423 532 3487 in
564 3418 778 3485 nobis.
827 3418 1003 3484 Hine
1028 3420 1225 3483 etiam
1250 3437 1394 3482 eum
1418 3418 1688 3499 spiritus
1733 3417 2101 3498 sapientiae
2135 3413 2466 3480 describe·-

459 3544 644 3601 retur
686 3534 830 3616 ipse
872 3551 1066 3597 verns
1111 3528 1298 3594 Deus
1341 3528 1541 3612 plane
1583 3527 2037 3611 praedicatur,
2108 3550 2252 3592 cum
2291 3530 2468 3593 inter

460 3657 724 3712 caetera
767 3645 850 3709 de
898 3666 978 3710 eo
1022 3644 1336 3727 scriptum
1378 3645 1467 3707 sit
1508 3644 1579 3707 in
1628 3639 1969 3724 Sapientia
2007 3640 2142 3706 sie:
2205 3660 2464 3705 omnem
2495 3685 2508 3699 .

462 3758 716 3827 babens
791 3758 1141 3834 virtutem,
1199 3756 1417 3820 omnia
1471 3756 1879 3838 prospiciens
1935 3766 2005 3817 et
2067 3754 2182 3837 qui
2251 3754 2469 3837 capiat

462 3893 690 3938 omnes
733 3870 1024 3953 spiritus.
1119 3865 1333 3943 Quem
1364 3866 1575 3934 Heliu
1613 3869 1683 3933 in
1726 3865 1899 3931 libro
1923 3863 2056 3931 Job
2103 3876 2467 3931 creatorem

455 3984 800 4070 profitetur
840 3981 1107 4048 dicens:
1173 3982 1444 4064 spiritus
1507 3980 1755 4045 domini
1796 3980 1959 4047 feeit
1999 4001 2104 4045 me
2151 3990 2220 4045 et
2261 3981 2466 4063 spira-

368 4124 395 4165 ·
459 4094 676 4166 culum
720 4095 1186 4181 omnipotentis
1230 4093 1592 4164 vivificavit
1631 4114 1759 4164 me.
1823 4091 2033 4181 Cojm
2061 4094 2261 4163 etiam
2281 4068 2461 4159 fliiu-
