2842 4800
2005 358 2008 361 ’
2065 408 2269 480 xvn

251 596 359 678 de
408 594 608 700 fide,
647 594 1037 698 absolvit,
1090 593 1236 676 sed
1264 572 1533 675 media
1574 592 1662 673 in
1688 617 1787 673 re
1811 651 1836 695 ,
1877 590 1965 672 in
1999 588 2267 700 dispu-

242 745 555 825 tatione
619 745 720 825 de
785 745 1191 825 attributis
1246 743 1400 824 Dei
1462 739 1846 821 inchoata
1865 798 1891 842 ‚
1979 738 2263 820 thema

237 893 577 972 uberius
658 892 1176 975 tractandum
1257 889 1829 1000 imperfectum
1902 887 2257 1000 reliquit.

243 1036 758 1120 Abaelardus
824 1067 1121 1148 nempe
1179 1039 1262 1118 in
1311 1032 1939 1119 Introductionis
1995 1037 2095 1116 L.
2132 1036 2260 1117 111.

244 1212 316 1266 6.
386 1204 431 1272 3
505 1189 652 1266 ait:
739 1214 828 1268 se
877 1184 1043 1294 jam
1096 1186 1193 1266 de
1262 1168 1527 1265 tribus
1601 1184 1851 1266 divini
1908 1182 2262 1264 numinis

242 1328 659 1412 attributis
688 1392 712 1434 ,
802 1331 902 1412 (16
953 1331 1320 1440 potentia
1392 1331 1790 1441 sapientia
1867 1328 2262 1431 bonitate,

110 1470 125 1481 “
243 1479 706 1558 accuratius
769 1506 1187 1588 exponere
1234 1478 1471 1560 velle.
1592 1477 1917 1557 Initium
1960 1474 2172 1585 capit
2212 1503 2264 1557 a

241 1624 648 1732 potentia3
699 1624 803 1703 ab
846 1624 1003 1704 hae
1047 1623 1152 1703 ad
1198 1622 1683 1732 sapientiam
1759 1623 2055 1703 transit
2120 1606 2299 1702 sed·

243 1767 519 1848 media
575 1769 661 1847 in
730 1769 1239 1878 expositione
1301 1768 1401 1849 de
1466 1768 1625 1847 hoe
1697 1767 1970 1847 divino
2040 1767 2264 1849 attri-

243 1913 496 2017 buto,
571 1919 825 1996 immo
890 1918 974 1996 in
1046 1915 1310 2032 media
1384 1915 1725 2026 periodo
1788 1942 1970 1996 rem
2029 1896 2263 1997 suam

96 2056 101 2063 ’
242 2062 589 2142 missam
643 2062 875 2164 faoit3
941 2062 1043 2144 de
1089 2063 1450 2143 bonitate
1496 2088 1701 2142 vero
1760 2089 1862 2141 ne
1908 2061 2260 2143 verbum

246 2207 585 2317 quidem
630 2208 957 2316 legitur.
1077 2207 1198 2289 Ita
1247 2235 1567 2318 quoque
1622 2207 1721 2287 de
1771 2207 2128 2290 secunda
2168 2196 2265 2289 ab

186 2453 193 2462 „
242 2353 496 2436 tertia
571 2368 807 2464 parte
882 2352 1021 2462 [de
1076 2352 1414 2437 caritate
1485 2355 1789 2438 seilicet
1846 2381 1945 2435 ae
2003 2381 2265 2438 saera-

245 2498 590 2608 mentis)
667 2500 1185 2605 Introductis
1239 2498 1438 2581 nihil
1507 2500 1852 2610 amplius
1911 2500 2253 2610 profert.

245 2648 567 2730 Noster
596 2643 765 2755 jam
800 2646 1156 2749 libellus,
1216 2646 1899 2758 quemadmodum
1960 2646 2263 2727 dietum

245 2808 403 2895 est,
431 2820 691 2902 usque
726 2792 831 2872 ad
871 2792 1303 2874 articulum
1349 2793 1449 2873 de
1492 2794 1887 2903 sapientia
1914 2819 2262 2902 prorsus

240 2937 473 3019 idem
560 2955 1141 3051 argumentum
1232 2942 1564 3023 exhibet
1673 2955 1915 3052 atque
2005 2942 2264 3021 Intro·

243 3083 526 3165 ductio
580 3088 686 3166 ¹³).
813 3087 975 3168 Ubi
1020 3101 1294 3169 autem
1339 3086 1840 3171 Introductio
1884 3085 1973 3166 in
2015 3099 2265 3169 mate·-

245 3463 361 3541 13)
420 3447 745 3525 Sa'nftlius
826 3482 1083 3546 quoque
1162 3483 1251 3527 ex
1331 3480 1658 3527 consensu
1742 3462 2109 3548 argumenti
2190 3463 2261 3527 in

419 3583 704 3637 tractatu
749 3585 975 3637 nostro
1033 3571 1353 3658 propositi
1411 3594 1560 3638 cum
1617 3585 2001 3660 argumento
2044 3573 2259 3640 Intro-

421 3673 747 3750 ductionis
796 3707 926 3750 non
985 3685 1281 3751 voSstav
1339 3684 1496 3750 libri
1552 3689 1762 3750 nostri
1824 3687 1942 3752 ned
2005 3684 2260 3752 αὐθεν-

414 3818 578 3860 τιαν
622 3800 838 3880 potius
888 3796 1333 3885 colligendam
1378 3819 1528 3861 esse
1578 3809 1788 3882 putat.
1886 3798 2002 3865 Ait
2049 3802 2257 3865 enim:

421 3928 636 3992 neque
696 3908 868 3975 liber
929 3912 1059 3975 iste
1102 3909 1480 3975 Abaelardo
1542 3909 1967 3997 abnegandus
2028 3923 2133 3977 est
2177 3932 2260 3977 66

414 4018 499 4084 de
544 4043 767 4104 causa,
813 4024 986 4109 quod
1029 4045 1338 4109 magnam
1365 4035 1621 4106 partem
1670 4046 1755 4089 ex
1799 4024 2098 4108 ejusdem
2139 4020 2256 4087 In·

398 4133 833 4266 'troduetione
897 4138 966 4201 in
1030 4133 1277 4203 Theol-
1329 4147 1676 4220 excerptus
1741 4137 1854 4270 s'ip
1943 4133 2019 4200 Id
2082 4136 2258 4201 enim
