<?xml version="1.0" encoding="UTF-8"?>
<!DOCTYPE html PUBLIC "-//W3C//DTD XHTML 1.0 Transitional//EN"
    "http://www.w3.org/TR/xhtml1/DTD/xhtml1-transitional.dtd">
<html xmlns="http://www.w3.org/1999/xhtml" xml:lang="en" lang="en">
 <head>
  <title>
</title>
<meta http-equiv="Content-Type" content="text/html;charset=utf-8" />
  <meta name='ocr-system' content='tesseract 3.04.00' />
  <meta name='ocr-capabilities' content='ocr_page ocr_carea ocr_par ocr_line ocrx_word'/>
</head>
<body>
  <div class='ocr_page' id='page_1' title='image "./epitometheologi00rheigoog_0150.png"; bbox 0 0 2842 4800; ppageno 0'>
   <div class='ocr_carea' id='block_1_1' title="bbox 504 380 667 467">
    <p class='ocr_par' dir='ltr' id='par_1_1' title="bbox 504 380 667 467">
     <span class='ocr_line' id='line_1_1' title="bbox 504 380 667 467; baseline 0.049 -8"><span class='ocrx_word' id='word_1_1' title='bbox 504 380 667 467; x_wconf 73' lang='lat' dir='ltr'>1oe</span> 
     </span>
    </p>
   </div>
   <div class='ocr_carea' id='block_1_2' title="bbox 499 551 2501 982">
    <p class='ocr_par' dir='ltr' id='par_1_2' title="bbox 499 551 2501 982">
     <span class='ocr_line' id='line_1_2' title="bbox 508 551 2501 635; baseline -0.001 -10"><span class='ocrx_word' id='word_1_2' title='bbox 508 551 874 625; x_wconf 80' lang='lat' dir='ltr'>criminalia</span> <span class='ocrx_word' id='word_1_3' title='bbox 927 552 998 618; x_wconf 86' lang='lat' dir='ltr'>ln</span> <span class='ocrx_word' id='word_1_4' title='bbox 1053 564 1278 635; x_wconf 80' lang='lat' dir='ltr'>aperta</span> <span class='ocrx_word' id='word_1_5' title='bbox 1331 552 1807 618; x_wconf 83' lang='lat' dir='ltr'>consuetudine</span> <span class='ocrx_word' id='word_1_6' title='bbox 1878 565 1949 619; x_wconf 83' lang='lat' dir='ltr'>et</span> <span class='ocrx_word' id='word_1_7' title='bbox 2020 553 2292 624; x_wconf 79' lang='lat' dir='ltr'><strong>fratrum</strong></span> <span class='ocrx_word' id='word_1_8' title='bbox 2353 581 2501 624; x_wconf 88' lang='lat' dir='ltr'>cor-</span> 
     </span>
     <span class='ocr_line' id='line_1_3' title="bbox 502 650 2497 752; baseline 0.001 -17"><span class='ocrx_word' id='word_1_9' title='bbox 502 670 827 752; x_wconf 78' lang='lat' dir='ltr'><strong>ruptione.</strong></span> <span class='ocrx_word' id='word_1_10' title='bbox 914 665 1144 744; x_wconf 82' lang='lat' dir='ltr'>Unde,</span> <span class='ocrx_word' id='word_1_11' title='bbox 1215 665 1326 750; x_wconf 83' lang='lat' dir='ltr'>qui</span> <span class='ocrx_word' id='word_1_12' title='bbox 1368 663 1541 741; x_wconf 79' lang='lat' dir='ltr'>tales</span> <span class='ocrx_word' id='word_1_13' title='bbox 1584 650 1775 745; x_wconf 85' lang='lat' dir='ltr'>sunt,</span> <span class='ocrx_word' id='word_1_14' title='bbox 1839 668 2013 751; x_wconf 83' lang='lat' dir='ltr'>quod</span> <span class='ocrx_word' id='word_1_15' title='bbox 2059 672 2324 735; x_wconf 84' lang='lat' dir='ltr'>crimine</span> <span class='ocrx_word' id='word_1_16' title='bbox 2367 672 2497 737; x_wconf 86' lang='lat' dir='ltr'>ali-</span> 
     </span>
     <span class='ocr_line' id='line_1_4' title="bbox 506 781 2501 870; baseline 0 -21"><span class='ocrx_word' id='word_1_17' title='bbox 506 806 633 870; x_wconf 80' lang='lat' dir='ltr'>quo</span> <span class='ocrx_word' id='word_1_18' title='bbox 678 781 1008 848; x_wconf 85' lang='lat' dir='ltr'>notabiles</span> <span class='ocrx_word' id='word_1_19' title='bbox 1066 791 1257 859; x_wconf 85' lang='lat' dir='ltr'>sunt,</span> <span class='ocrx_word' id='word_1_20' title='bbox 1319 801 1362 845; x_wconf 90' lang='lat' dir='ltr'>a</span> <span class='ocrx_word' id='word_1_21' title='bbox 1424 783 1875 846; x_wconf 86' lang='lat' dir='ltr'>communione</span> <span class='ocrx_word' id='word_1_22' title='bbox 1917 782 2295 864; x_wconf 77' lang='lat' dir='ltr'><strong>Ecclesiae,</strong></span> <span class='ocrx_word' id='word_1_23' title='bbox 2371 788 2501 849; x_wconf 85' lang='lat' dir='ltr'>nisi</span> 
     </span>
     <span class='ocr_line' id='line_1_5' title="bbox 499 892 2500 982; baseline -0 -19"><span class='ocrx_word' id='word_1_24' title='bbox 499 898 896 980; x_wconf 75' lang='lat' dir='ltr'>resipiscere</span> <span class='ocrx_word' id='word_1_25' title='bbox 940 892 1168 973; x_wconf 86' lang='lat' dir='ltr'>velint,</span> <span class='ocrx_word' id='word_1_26' title='bbox 1211 906 1617 960; x_wconf 78' lang='lat' dir='ltr'>resecantur.</span> <span class='ocrx_word' id='word_1_27' title='bbox 1700 895 1823 960; x_wconf 85' lang='lat' dir='ltr'>Est</span> <span class='ocrx_word' id='word_1_28' title='bbox 1866 909 2083 961; x_wconf 89' lang='lat' dir='ltr'>autem</span> <span class='ocrx_word' id='word_1_29' title='bbox 2130 898 2264 962; x_wconf 89' lang='lat' dir='ltr'>tale</span> <span class='ocrx_word' id='word_1_30' title='bbox 2295 900 2500 982; x_wconf 88' lang='lat' dir='ltr'>quod-</span> 
     </span>
    </p>
   </div>
   <div class='ocr_carea' id='block_1_3' title="bbox 502 1006 2600 1092">
    <p class='ocr_par' dir='ltr' id='par_1_3' title="bbox 502 1006 2600 1092">
     <span class='ocr_line' id='line_1_6' title="bbox 502 1006 2600 1092; baseline 0 -15"><span class='ocrx_word' id='word_1_31' title='bbox 502 1009 692 1089; x_wconf 83' lang='lat' dir='ltr'>libet,</span> <span class='ocrx_word' id='word_1_32' title='bbox 735 1020 807 1077; x_wconf 88' lang='lat' dir='ltr'>ut</span> <span class='ocrx_word' id='word_1_33' title='bbox 841 1006 1153 1086; x_wconf 77' lang='lat' dir='ltr'>ebrietaS,</span> <span class='ocrx_word' id='word_1_34' title='bbox 1193 1007 1519 1088; x_wconf 77' lang='lat' dir='ltr'>rapacitas</span> <span class='ocrx_word' id='word_1_35' title='bbox 1566 1018 1633 1071; x_wconf 86' lang='lat' dir='ltr'>et</span> <span class='ocrx_word' id='word_1_36' title='bbox 1675 1020 1918 1088; x_wconf 84' lang='lat' dir='ltr'>cetera,</span> <span class='ocrx_word' id='word_1_37' title='bbox 1964 1008 2213 1073; x_wconf 76' lang='lat' dir='ltr'>durnin</span> <span class='ocrx_word' id='word_1_38' title='bbox 2239 1023 2496 1092; x_wconf 86' lang='lat' dir='ltr'>promtu</span> <span class='ocrx_word' id='word_1_39' title='bbox 2593 1014 2600 1023; x_wconf 74' lang='grc'><em>“</em></span> 
     </span>
    </p>
   </div>
   <div class='ocr_carea' id='block_1_4' title="bbox 496 1117 2502 2560">
    <p class='ocr_par' dir='ltr' id='par_1_4' title="bbox 496 1117 2502 2560">
     <span class='ocr_line' id='line_1_7' title="bbox 505 1117 2495 1209; baseline -0.001 -20"><span class='ocrx_word' id='word_1_40' title='bbox 505 1134 573 1191; x_wconf 86' lang='lat' dir='ltr'>et</span> <span class='ocrx_word' id='word_1_41' title='bbox 618 1121 1086 1186; x_wconf 83' lang='lat' dir='ltr'>consuetudine</span> <span class='ocrx_word' id='word_1_42' title='bbox 1128 1118 1472 1184; x_wconf 88' lang='lat' dir='ltr'>habentur.</span> <span class='ocrx_word' id='word_1_43' title='bbox 1557 1117 1934 1187; x_wconf 83' lang='lat' dir='ltr'>Notandum</span> <span class='ocrx_word' id='word_1_44' title='bbox 1974 1124 2495 1209; x_wconf 26' lang='lat' dir='ltr'>igitur-videtur,</span> 
     </span>
     <span class='ocr_line' id='line_1_8' title="bbox 503 1233 2495 1322; baseline 0.002 -23"><span class='ocrx_word' id='word_1_45' title='bbox 503 1236 675 1322; x_wconf 80' lang='lat' dir='ltr'>quod</span> <span class='ocrx_word' id='word_1_46' title='bbox 717 1245 1054 1317; x_wconf 66' lang='lat' dir='ltr'>peccatum</span> <span class='ocrx_word' id='word_1_47' title='bbox 1094 1233 1308 1313; x_wconf 85' lang='lat' dir='ltr'>Adae,</span> <span class='ocrx_word' id='word_1_48' title='bbox 1352 1235 1481 1299; x_wconf 85' lang='lat' dir='ltr'>etsi</span> <span class='ocrx_word' id='word_1_49' title='bbox 1520 1233 1799 1311; x_wconf 75' lang='lat' dir='ltr'>mortale</span> <span class='ocrx_word' id='word_1_50' title='bbox 1844 1235 2067 1311; x_wconf 89' lang='lat' dir='ltr'>fuerit,</span> <span class='ocrx_word' id='word_1_51' title='bbox 2110 1257 2242 1301; x_wconf 89' lang='lat' dir='ltr'>non</span> <span class='ocrx_word' id='word_1_52' title='bbox 2272 1248 2495 1302; x_wconf 86' lang='lat' dir='ltr'>tamen</span> 
     </span>
     <span class='ocr_line' id='line_1_9' title="bbox 502 1344 2498 1417; baseline -0.002 -1"><span class='ocrx_word' id='word_1_53' title='bbox 502 1346 842 1417; x_wconf 87' lang='lat' dir='ltr'>criminale</span> <span class='ocrx_word' id='word_1_54' title='bbox 885 1346 1034 1410; x_wconf 77' lang='lat' dir='ltr'>fuit.</span> <span class='ocrx_word' id='word_1_55' title='bbox 1127 1344 1291 1412; x_wconf 89' lang='lat' dir='ltr'>Cum</span> <span class='ocrx_word' id='word_1_56' title='bbox 1349 1348 1525 1411; x_wconf 90' lang='lat' dir='ltr'>enim</span> <span class='ocrx_word' id='word_1_57' title='bbox 1585 1360 1814 1412; x_wconf 83' lang='lat' dir='ltr'>contra</span> <span class='ocrx_word' id='word_1_58' title='bbox 1869 1349 2336 1414; x_wconf 87' lang='lat' dir='ltr'>conscientiam</span> <span class='ocrx_word' id='word_1_59' title='bbox 2379 1372 2498 1413; x_wconf 87' lang='lat' dir='ltr'>ve·-</span> 
     </span>
     <span class='ocr_line' id='line_1_10' title="bbox 505 1458 2498 1542; baseline -0.001 -15"><span class='ocrx_word' id='word_1_60' title='bbox 505 1464 690 1527; x_wconf 84' lang='lat' dir='ltr'>titum</span> <span class='ocrx_word' id='word_1_61' title='bbox 733 1471 1094 1542; x_wconf 86' lang='lat' dir='ltr'>appeteret,</span> <span class='ocrx_word' id='word_1_62' title='bbox 1139 1458 1395 1524; x_wconf 85' lang='lat' dir='ltr'>sciebat</span> <span class='ocrx_word' id='word_1_63' title='bbox 1439 1462 1612 1524; x_wconf 87' lang='lat' dir='ltr'>enim</span> <span class='ocrx_word' id='word_1_64' title='bbox 1655 1460 1782 1525; x_wconf 89' lang='lat' dir='ltr'>hoc</span> <span class='ocrx_word' id='word_1_65' title='bbox 1810 1482 1960 1525; x_wconf 85' lang='lat' dir='ltr'>esse</span> <span class='ocrx_word' id='word_1_66' title='bbox 1984 1464 2277 1540; x_wconf 82' lang='lat' dir='ltr'>vetitum,</span> <span class='ocrx_word' id='word_1_67' title='bbox 2322 1482 2498 1526; x_wconf 80' lang='lat' dir='ltr'>mor·</span> 
     </span>
     <span class='ocr_line' id='line_1_11' title="bbox 503 1570 2498 1645; baseline -0.001 -5"><span class='ocrx_word' id='word_1_68' title='bbox 503 1573 640 1645; x_wconf 74' lang='lat' dir='ltr'>tale</span> <span class='ocrx_word' id='word_1_69' title='bbox 683 1574 829 1638; x_wconf 79' lang='lat' dir='ltr'>fuit.</span> <span class='ocrx_word' id='word_1_70' title='bbox 921 1570 1084 1637; x_wconf 85' lang='lat' dir='ltr'>Cum</span> <span class='ocrx_word' id='word_1_71' title='bbox 1144 1592 1300 1639; x_wconf 86' lang='lat' dir='ltr'>vero</span> <span class='ocrx_word' id='word_1_72' title='bbox 1360 1571 1488 1638; x_wconf 89' lang='lat' dir='ltr'>hoc</span> <span class='ocrx_word' id='word_1_73' title='bbox 1547 1595 1632 1638; x_wconf 87' lang='lat' dir='ltr'>ex</span> <span class='ocrx_word' id='word_1_74' title='bbox 1688 1574 2157 1638; x_wconf 85' lang='lat' dir='ltr'>consuetudine</span> <span class='ocrx_word' id='word_1_75' title='bbox 2200 1595 2332 1638; x_wconf 89' lang='lat' dir='ltr'>non</span> <span class='ocrx_word' id='word_1_76' title='bbox 2375 1572 2498 1638; x_wconf 87' lang='lat' dir='ltr'>ha-</span> 
     </span>
     <span class='ocr_line' id='line_1_12' title="bbox 503 1683 2502 1772; baseline -0.001 -20"><span class='ocrx_word' id='word_1_77' title='bbox 503 1687 714 1765; x_wconf 84' lang='lat' dir='ltr'>beret,</span> <span class='ocrx_word' id='word_1_78' title='bbox 758 1687 955 1749; x_wconf 88' lang='lat' dir='ltr'>immo</span> <span class='ocrx_word' id='word_1_79' title='bbox 1001 1695 1330 1768; x_wconf 87' lang='lat' dir='ltr'>tamquam</span> <span class='ocrx_word' id='word_1_80' title='bbox 1371 1686 1617 1750; x_wconf 87' lang='lat' dir='ltr'>invitus</span> <span class='ocrx_word' id='word_1_81' title='bbox 1661 1683 1790 1750; x_wconf 90' lang='lat' dir='ltr'>hoc</span> <span class='ocrx_word' id='word_1_82' title='bbox 1823 1698 2075 1772; x_wconf 84' lang='lat' dir='ltr'>ageret,</span> <span class='ocrx_word' id='word_1_83' title='bbox 2117 1701 2376 1769; x_wconf 82' lang='lat' dir='ltr'>putans,</span> <span class='ocrx_word' id='word_1_84' title='bbox 2422 1707 2502 1751; x_wconf 85' lang='lat' dir='ltr'>se</span> 
     </span>
     <span class='ocr_line' id='line_1_13' title="bbox 499 1797 2502 1883; baseline 0 -21"><span class='ocrx_word' id='word_1_85' title='bbox 499 1820 618 1882; x_wconf 85' lang='lat' dir='ltr'>per</span> <span class='ocrx_word' id='word_1_86' title='bbox 672 1798 1146 1880; x_wconf 85' lang='lat' dir='ltr'>poenitentiam</span> <span class='ocrx_word' id='word_1_87' title='bbox 1219 1797 1614 1864; x_wconf 68' lang='lat' dir='ltr'>satisfacere</span> <span class='ocrx_word' id='word_1_88' title='bbox 1677 1819 1873 1883; x_wconf 86' lang='lat' dir='ltr'>posse</span> <span class='ocrx_word' id='word_1_89' title='bbox 1953 1811 2022 1864; x_wconf 87' lang='lat' dir='ltr'>et</span> <span class='ocrx_word' id='word_1_90' title='bbox 2076 1801 2229 1864; x_wconf 82' lang='lat' dir='ltr'>ideo</span> <span class='ocrx_word' id='word_1_91' title='bbox 2306 1801 2502 1863; x_wconf 81' lang='lat' dir='ltr'>uxori</span> 
     </span>
     <span class='ocr_line' id='line_1_14' title="bbox 499 1906 2499 2008; baseline -0.001 -31"><span class='ocrx_word' id='word_1_92' title='bbox 499 1927 748 1977; x_wconf 83' lang='lat' dir='ltr'>morem</span> <span class='ocrx_word' id='word_1_93' title='bbox 791 1931 1025 1995; x_wconf 86' lang='lat' dir='ltr'>gerere</span> <span class='ocrx_word' id='word_1_94' title='bbox 1069 1906 1321 1989; x_wconf 85' lang='lat' dir='ltr'>voluit,</span> <span class='ocrx_word' id='word_1_95' title='bbox 1389 1908 1725 1983; x_wconf 87' lang='lat' dir='ltr'>criminale</span> <span class='ocrx_word' id='word_1_96' title='bbox 1787 1931 1921 1975; x_wconf 87' lang='lat' dir='ltr'>non</span> <span class='ocrx_word' id='word_1_97' title='bbox 1977 1909 2125 2008; x_wconf 71' lang='lat' dir='ltr'>fuit.</span> <span class='ocrx_word' id='word_1_98' title='bbox 2218 1910 2499 1976; x_wconf 84' lang='lat' dir='ltr'>Constat</span> 
     </span>
     <span class='ocr_line' id='line_1_15' title="bbox 496 2020 2497 2109; baseline 0 -21"><span class='ocrx_word' id='word_1_99' title='bbox 496 2025 723 2109; x_wconf 86' lang='lat' dir='ltr'>igitur,</span> <span class='ocrx_word' id='word_1_100' title='bbox 765 2020 1125 2085; x_wconf 81' lang='lat' dir='ltr'>nonnullos</span> <span class='ocrx_word' id='word_1_101' title='bbox 1158 2020 1367 2095; x_wconf 79' lang='lat' dir='ltr'>multo</span> <span class='ocrx_word' id='word_1_102' title='bbox 1410 2024 1675 2107; x_wconf 84' lang='lat' dir='ltr'>gravius</span> <span class='ocrx_word' id='word_1_103' title='bbox 1719 2045 2018 2104; x_wconf 82' lang='lat' dir='ltr'>peccare,</span> <span class='ocrx_word' id='word_1_104' title='bbox 2061 2047 2252 2107; x_wconf 89' lang='lat' dir='ltr'>quam</span> <span class='ocrx_word' id='word_1_105' title='bbox 2282 2023 2497 2090; x_wconf 85' lang='lat' dir='ltr'>Adam</span> 
     </span>
     <span class='ocr_line' id='line_1_16' title="bbox 501 2132 2492 2218; baseline 0.002 -19"><span class='ocrx_word' id='word_1_106' title='bbox 501 2135 907 2218; x_wconf 79' lang='lat' dir='ltr'>peccaverit,</span> <span class='ocrx_word' id='word_1_107' title='bbox 977 2133 1095 2198; x_wconf 85' lang='lat' dir='ltr'>sed</span> <span class='ocrx_word' id='word_1_108' title='bbox 1164 2132 1318 2201; x_wconf 85' lang='lat' dir='ltr'>ideo</span> <span class='ocrx_word' id='word_1_109' title='bbox 1381 2133 1552 2199; x_wconf 80' lang='lat' dir='ltr'>illud</span> <span class='ocrx_word' id='word_1_110' title='bbox 1622 2137 1894 2217; x_wconf 84' lang='lat' dir='ltr'>primum</span> <span class='ocrx_word' id='word_1_111' title='bbox 1953 2148 2292 2218; x_wconf 81' lang='lat' dir='ltr'>peccatum</span> <span class='ocrx_word' id='word_1_112' title='bbox 2358 2149 2492 2203; x_wconf 83' lang='lat' dir='ltr'>tam</span> 
     </span>
     <span class='ocr_line' id='line_1_17' title="bbox 500 2243 2495 2334; baseline 0.001 -23"><span class='ocrx_word' id='word_1_113' title='bbox 500 2249 793 2334; x_wconf 80' lang='lat' dir='ltr'>graviter</span> <span class='ocrx_word' id='word_1_114' title='bbox 835 2245 1022 2323; x_wconf 76' lang='lat' dir='ltr'>Deus</span> <span class='ocrx_word' id='word_1_115' title='bbox 1062 2246 1293 2328; x_wconf 82' lang='lat' dir='ltr'>punire</span> <span class='ocrx_word' id='word_1_116' title='bbox 1335 2243 1570 2325; x_wconf 86' lang='lat' dir='ltr'>voluit,</span> <span class='ocrx_word' id='word_1_117' title='bbox 1614 2259 1687 2311; x_wconf 91' lang='lat' dir='ltr'>ut</span> <span class='ocrx_word' id='word_1_118' title='bbox 1725 2246 1852 2312; x_wconf 88' lang='lat' dir='ltr'>sibi</span> <span class='ocrx_word' id='word_1_119' title='bbox 1896 2260 2232 2331; x_wconf 86' lang='lat' dir='ltr'>peccatum</span> <span class='ocrx_word' id='word_1_120' title='bbox 2266 2248 2495 2331; x_wconf 84' lang='lat' dir='ltr'>displi-</span> 
     </span>
     <span class='ocr_line' id='line_1_18' title="bbox 500 2358 2493 2452; baseline 0 -24"><span class='ocrx_word' id='word_1_121' title='bbox 500 2383 650 2428; x_wconf 86' lang='lat' dir='ltr'>cere</span> <span class='ocrx_word' id='word_1_122' title='bbox 706 2359 1085 2426; x_wconf 88' lang='lat' dir='ltr'>ostenderet</span> <span class='ocrx_word' id='word_1_123' title='bbox 1160 2371 1233 2428; x_wconf 68' lang='lat' dir='ltr'>„et</span> <span class='ocrx_word' id='word_1_124' title='bbox 1291 2373 1363 2425; x_wconf 84' lang='lat' dir='ltr'>ut</span> <span class='ocrx_word' id='word_1_125' title='bbox 1417 2358 1778 2429; x_wconf 86' lang='lat' dir='ltr'>horrorem·</span> <span class='ocrx_word' id='word_1_126' title='bbox 1817 2363 2135 2447; x_wconf 81' lang='lat' dir='ltr'>peccandi</span> <span class='ocrx_word' id='word_1_127' title='bbox 2191 2363 2493 2452; x_wconf 68' lang='lat' dir='ltr'>omnibus</span> 
     </span>
     <span class='ocr_line' id='line_1_19' title="bbox 499 2474 1178 2560; baseline -0.001 -22"><span class='ocrx_word' id='word_1_128' title='bbox 499 2474 785 2560; x_wconf 76' lang='lat' dir='ltr'>posteris</span> <span class='ocrx_word' id='word_1_129' title='bbox 827 2474 1178 2537; x_wconf 87' lang='lat' dir='ltr'>incuteret.</span> 
     </span>
    </p>
   </div>
   <div class='ocr_carea' id='block_1_5' title="bbox 1152 2621 1791 2742">
    <p class='ocr_par' dir='ltr' id='par_1_5' title="bbox 1152 2621 1791 2742">
     <span class='ocr_line' id='line_1_20' title="bbox 1152 2621 1791 2742; baseline 0.003 -19"><span class='ocrx_word' id='word_1_130' title='bbox 1152 2621 1158 2628; x_wconf 16' lang='grc' dir='ltr'>ὗ</span> <span class='ocrx_word' id='word_1_131' title='bbox 1201 2658 1416 2742; x_wconf 83' lang='lat' dir='ltr'>Caput</span> <span class='ocrx_word' id='word_1_132' title='bbox 1458 2653 1791 2726; x_wconf 85' lang='lat' dir='ltr'><strong>XXXIV.</strong></span> 
     </span>
    </p>
   </div>
   <div class='ocr_carea' id='block_1_6' title="bbox 1053 2793 1935 2861">
    <p class='ocr_par' dir='ltr' id='par_1_6' title="bbox 1053 2793 1935 2861">
     <span class='ocr_line' id='line_1_21' title="bbox 1053 2793 1935 2861; baseline -0.002 -11"><span class='ocrx_word' id='word_1_133' title='bbox 1053 2795 1143 2851; x_wconf 80' lang='lat' dir='ltr'>De</span> <span class='ocrx_word' id='word_1_134' title='bbox 1159 2832 1164 2842; x_wconf 67' lang='grc'><strong>«</strong></span> <span class='ocrx_word' id='word_1_135' title='bbox 1178 2793 1388 2849; x_wconf 86' lang='lat' dir='ltr'>meritis</span> <span class='ocrx_word' id='word_1_136' title='bbox 1401 2830 1421 2861; x_wconf 86' lang='lat'>‚</span> <span class='ocrx_word' id='word_1_137' title='bbox 1475 2793 1571 2850; x_wconf 84' lang='lat' dir='ltr'>ubi</span> <span class='ocrx_word' id='word_1_138' title='bbox 1607 2795 1935 2852; x_wconf 84' lang='lat' dir='ltr'>consistant.</span> 
     </span>
    </p>
   </div>
   <div class='ocr_carea' id='block_1_7' title="bbox 488 2929 2496 3691">
    <p class='ocr_par' dir='ltr' id='par_1_7' title="bbox 488 2929 2496 3691">
     <span class='ocr_line' id='line_1_22' title="bbox 666 2929 2496 3010; baseline -0.001 -10"><span class='ocrx_word' id='word_1_139' title='bbox 666 2932 832 3001; x_wconf 82' lang='lat' dir='ltr'>Viso</span> <span class='ocrx_word' id='word_1_140' title='bbox 876 2930 958 2997; x_wconf 83' lang='lat' dir='ltr'>de</span> <span class='ocrx_word' id='word_1_141' title='bbox 993 2929 1337 2996; x_wconf 83' lang='lat' dir='ltr'>virtutibus</span> <span class='ocrx_word' id='word_1_142' title='bbox 1383 2941 1452 2995; x_wconf 90' lang='lat' dir='ltr'>et</span> <span class='ocrx_word' id='word_1_143' title='bbox 1494 2931 1701 3010; x_wconf 84' lang='lat' dir='ltr'>vitiis,</span> <span class='ocrx_word' id='word_1_144' title='bbox 1747 2929 1902 2998; x_wconf 88' lang='lat' dir='ltr'>data</span> <span class='ocrx_word' id='word_1_145' title='bbox 1946 2932 2144 2998; x_wconf 86' lang='lat' dir='ltr'>etiam</span> <span class='ocrx_word' id='word_1_146' title='bbox 2187 2934 2496 3000; x_wconf 85' lang='lat' dir='ltr'>differen-</span> 
     </span>
     <span class='ocr_line' id='line_1_23' title="bbox 498 3023 2494 3130; baseline -0.002 -16"><span class='ocrx_word' id='word_1_147' title='bbox 498 3049 594 3118; x_wconf 79' lang='lat' dir='ltr'>tia</span> <span class='ocrx_word' id='word_1_148' title='bbox 632 3049 810 3112; x_wconf 88' lang='lat' dir='ltr'>inter</span> <span class='ocrx_word' id='word_1_149' title='bbox 846 3023 1122 3127; x_wconf 34' lang='lat' dir='ltr'>‘peccata</span> <span class='ocrx_word' id='word_1_150' title='bbox 1168 3055 1236 3108; x_wconf 89' lang='lat' dir='ltr'>et</span> <span class='ocrx_word' id='word_1_151' title='bbox 1275 3045 1474 3122; x_wconf 82' lang='lat' dir='ltr'>vitia,</span> <span class='ocrx_word' id='word_1_152' title='bbox 1519 3046 1692 3108; x_wconf 86' lang='lat' dir='ltr'>inter</span> <span class='ocrx_word' id='word_1_153' title='bbox 1733 3046 1878 3127; x_wconf 83' lang='lat' dir='ltr'>ipsa</span> <span class='ocrx_word' id='word_1_154' title='bbox 1919 3031 2179 3129; x_wconf 53' lang='lat' dir='ltr'>quodue</span> <span class='ocrx_word' id='word_1_155' title='bbox 2219 3061 2494 3130; x_wconf 82' lang='lat' dir='ltr'>peccata</span> 
     </span>
     <span class='ocr_line' id='line_1_24' title="bbox 488 3156 2494 3236; baseline 0.002 -18"><span class='ocrx_word' id='word_1_156' title='bbox 488 3160 882 3233; x_wconf 79' lang='lat' dir='ltr'>diversitate</span> <span class='ocrx_word' id='word_1_157' title='bbox 911 3168 1217 3235; x_wconf 86' lang='lat' dir='ltr'>ostensa,</span> <span class='ocrx_word' id='word_1_158' title='bbox 1262 3156 1345 3221; x_wconf 86' lang='lat' dir='ltr'>de</span> <span class='ocrx_word' id='word_1_159' title='bbox 1383 3159 1635 3221; x_wconf 86' lang='lat' dir='ltr'>meritis</span> <span class='ocrx_word' id='word_1_160' title='bbox 1665 3156 1779 3221; x_wconf 89' lang='lat' dir='ltr'>ubi</span> <span class='ocrx_word' id='word_1_161' title='bbox 1823 3161 2211 3236; x_wconf 78' lang='lat' dir='ltr'>consistant,</span> <span class='ocrx_word' id='word_1_162' title='bbox 2255 3159 2494 3222; x_wconf 83' lang='lat' dir='ltr'>amodo</span> 
     </span>
     <span class='ocr_line' id='line_1_25' title="bbox 494 3265 2495 3355; baseline -0.002 -18"><span class='ocrx_word' id='word_1_163' title='bbox 494 3271 888 3355; x_wconf 27' lang='lat' dir='ltr'>relinquitur*</span> <span class='ocrx_word' id='word_1_164' title='bbox 944 3267 1317 3332; x_wconf 75' lang='lat' dir='ltr'>videndum.</span> <span class='ocrx_word' id='word_1_165' title='bbox 1419 3265 1980 3343; x_wconf 78' lang='lat' dir='ltr'>Quemadmodum</span> <span class='ocrx_word' id='word_1_166' title='bbox 2034 3271 2236 3355; x_wconf 79' lang='lat' dir='ltr'>igitur</span> <span class='ocrx_word' id='word_1_167' title='bbox 2302 3290 2495 3333; x_wconf 82' lang='lat' dir='ltr'>omne</span> 
     </span>
     <span class='ocr_line' id='line_1_26' title="bbox 495 3380 2496 3467; baseline 0 -20"><span class='ocrx_word' id='word_1_168' title='bbox 495 3393 833 3467; x_wconf 78' lang='lat' dir='ltr'>peccatum</span> <span class='ocrx_word' id='word_1_169' title='bbox 875 3382 945 3446; x_wconf 87' lang='lat' dir='ltr'>iu</span> <span class='ocrx_word' id='word_1_170' title='bbox 988 3380 1136 3447; x_wconf 85' lang='lat' dir='ltr'>sola</span> <span class='ocrx_word' id='word_1_171' title='bbox 1170 3380 1514 3446; x_wconf 49' lang='lat' dir='ltr'>‘voluntate</span> <span class='ocrx_word' id='word_1_172' title='bbox 1560 3383 1884 3459; x_wconf 82' lang='lat' dir='ltr'>consistit,</span> <span class='ocrx_word' id='word_1_173' title='bbox 1927 3384 2026 3447; x_wconf 86' lang='lat' dir='ltr'>sic</span> <span class='ocrx_word' id='word_1_174' title='bbox 2063 3394 2132 3446; x_wconf 90' lang='lat' dir='ltr'>et</span> <span class='ocrx_word' id='word_1_175' title='bbox 2171 3385 2496 3448; x_wconf 83' lang='lat' dir='ltr'>meritum.</span> 
     </span>
     <span class='ocr_line' id='line_1_27' title="bbox 494 3490 2496 3577; baseline 0 -19"><span class='ocrx_word' id='word_1_176' title='bbox 494 3495 813 3564; x_wconf 83' lang='lat' dir='ltr'>Meritum</span> <span class='ocrx_word' id='word_1_177' title='bbox 854 3505 1074 3568; x_wconf 75' lang='lat' dir='ltr'>autem</span> <span class='ocrx_word' id='word_1_178' title='bbox 1117 3490 1287 3556; x_wconf 84' lang='lat' dir='ltr'>nihil</span> <span class='ocrx_word' id='word_1_179' title='bbox 1328 3491 1510 3557; x_wconf 87' lang='lat' dir='ltr'>aliud</span> <span class='ocrx_word' id='word_1_180' title='bbox 1556 3504 1691 3569; x_wconf 85' lang='lat' dir='ltr'>est,</span> <span class='ocrx_word' id='word_1_181' title='bbox 1750 3515 1945 3577; x_wconf 87' lang='lat' dir='ltr'>quam</span> <span class='ocrx_word' id='word_1_182' title='bbox 1984 3493 2056 3557; x_wconf 91' lang='lat' dir='ltr'>id</span> <span class='ocrx_word' id='word_1_183' title='bbox 2105 3494 2277 3577; x_wconf 86' lang='lat' dir='ltr'>quod</span> <span class='ocrx_word' id='word_1_184' title='bbox 2319 3492 2496 3558; x_wconf 76' lang='lat' dir='ltr'>bona</span> 
     </span>
     <span class='ocr_line' id='line_1_28' title="bbox 496 3605 2493 3691; baseline -0.001 -19"><span class='ocrx_word' id='word_1_185' title='bbox 496 3605 836 3672; x_wconf 77' lang='lat' dir='ltr'>voluntate</span> <span class='ocrx_word' id='word_1_186' title='bbox 880 3626 1240 3683; x_wconf 79' lang='lat' dir='ltr'>meremur,</span> <span class='ocrx_word' id='word_1_187' title='bbox 1282 3605 1351 3669; x_wconf 84' lang='lat' dir='ltr'>id</span> <span class='ocrx_word' id='word_1_188' title='bbox 1393 3616 1538 3684; x_wconf 85' lang='lat' dir='ltr'>est,</span> <span class='ocrx_word' id='word_1_189' title='bbox 1573 3607 1721 3670; x_wconf 31' lang='lat' dir='ltr'>‘vita</span> <span class='ocrx_word' id='word_1_190' title='bbox 1763 3618 2060 3685; x_wconf 85' lang='lat' dir='ltr'>aeterna,</span> <span class='ocrx_word' id='word_1_191' title='bbox 2105 3630 2297 3691; x_wconf 84' lang='lat' dir='ltr'>quam</span> <span class='ocrx_word' id='word_1_192' title='bbox 2338 3609 2493 3691; x_wconf 85' lang='lat' dir='ltr'>quia</span> 
     </span>
    </p>
   </div>
   <div class='ocr_carea' id='block_1_8' title="bbox 386 3716 2492 3803">
    <p class='ocr_par' dir='ltr' id='par_1_8' title="bbox 386 3716 2492 3803">
     <span class='ocr_line' id='line_1_29' title="bbox 386 3716 2492 3803; baseline -0.001 -17"><span class='ocrx_word' id='word_1_193' title='bbox 386 3783 393 3789; x_wconf 74' lang='grc'>,</span> <span class='ocrx_word' id='word_1_194' title='bbox 496 3718 774 3786; x_wconf 83' lang='lat' dir='ltr'>diversis</span> <span class='ocrx_word' id='word_1_195' title='bbox 818 3716 1266 3790; x_wconf 76' lang='lat' dir='ltr'>voluntatibus</span> <span class='ocrx_word' id='word_1_196' title='bbox 1310 3716 1470 3783; x_wconf 88' lang='lat' dir='ltr'>boni</span> <span class='ocrx_word' id='word_1_197' title='bbox 1510 3740 1870 3799; x_wconf 86' lang='lat' dir='ltr'>meremur,</span> <span class='ocrx_word' id='word_1_198' title='bbox 1929 3720 2285 3784; x_wconf 87' lang='lat' dir='ltr'>secundum</span> <span class='ocrx_word' id='word_1_199' title='bbox 2328 3739 2492 3803; x_wconf 80' lang='lat' dir='ltr'>quas</span> 
     </span>
    </p>
   </div>
   <div class='ocr_carea' id='block_1_9' title="bbox 494 3827 2492 4143">
    <p class='ocr_par' dir='ltr' id='par_1_9' title="bbox 494 3827 2492 4143">
     <span class='ocr_line' id='line_1_30' title="bbox 495 3827 2492 3910; baseline 0.001 -18"><span class='ocrx_word' id='word_1_200' title='bbox 495 3827 698 3897; x_wconf 81' lang='lat' dir='ltr'>stella</span> <span class='ocrx_word' id='word_1_201' title='bbox 742 3850 784 3894; x_wconf 87' lang='lat' dir='ltr'>a</span> <span class='ocrx_word' id='word_1_202' title='bbox 824 3827 1024 3896; x_wconf 88' lang='lat' dir='ltr'>stella</span> <span class='ocrx_word' id='word_1_203' title='bbox 1068 3830 1290 3896; x_wconf 75' lang='lat' dir='ltr'>differt:</span> <span class='ocrx_word' id='word_1_204' title='bbox 1345 3827 1441 3894; x_wconf 85' lang='lat' dir='ltr'>ibi</span> <span class='ocrx_word' id='word_1_205' title='bbox 1493 3832 1564 3895; x_wconf 90' lang='lat' dir='ltr'>in</span> <span class='ocrx_word' id='word_1_206' title='bbox 1622 3829 1963 3910; x_wconf 88' lang='lat' dir='ltr'>claritate,</span> <span class='ocrx_word' id='word_1_207' title='bbox 2018 3832 2171 3895; x_wconf 86' lang='lat' dir='ltr'>ideo</span> <span class='ocrx_word' id='word_1_208' title='bbox 2231 3830 2492 3894; x_wconf 78' lang='lat' dir='ltr'>diversa</span> 
     </span>
     <span class='ocr_line' id='line_1_31' title="bbox 495 3941 2489 4036; baseline -0.001 -29"><span class='ocrx_word' id='word_1_209' title='bbox 495 3953 566 4007; x_wconf 88' lang='lat' dir='ltr'>et</span> <span class='ocrx_word' id='word_1_210' title='bbox 622 3941 811 4026; x_wconf 82' lang='lat' dir='ltr'>plura</span> <span class='ocrx_word' id='word_1_211' title='bbox 864 3944 1097 4007; x_wconf 86' lang='lat' dir='ltr'>merita</span> <span class='ocrx_word' id='word_1_212' title='bbox 1152 3942 1539 4012; x_wconf 74' lang='lat' dir='ltr'>vocitamus.</span> <span class='ocrx_word' id='word_1_213' title='bbox 1625 3943 1885 4009; x_wconf 86' lang='lat' dir='ltr'>Dicitur</span> <span class='ocrx_word' id='word_1_214' title='bbox 1938 3944 2139 4007; x_wconf 86' lang='lat' dir='ltr'>etiam</span> <span class='ocrx_word' id='word_1_215' title='bbox 2190 3942 2489 4036; x_wconf 75' lang='lat' dir='ltr'>meritam</span> 
     </span>
     <span class='ocr_line' id='line_1_32' title="bbox 494 4051 2492 4143; baseline -0.001 -22"><span class='ocrx_word' id='word_1_216' title='bbox 494 4056 642 4143; x_wconf 74' lang='lat' dir='ltr'>ipsa</span> <span class='ocrx_word' id='word_1_217' title='bbox 682 4051 860 4130; x_wconf 85' lang='lat' dir='ltr'>bona</span> <span class='ocrx_word' id='word_1_218' title='bbox 888 4051 1222 4137; x_wconf 78' lang='lat' dir='ltr'>voluntas,</span> <span class='ocrx_word' id='word_1_219' title='bbox 1266 4073 1399 4141; x_wconf 73' lang='lat' dir='ltr'>qua</span> <span class='ocrx_word' id='word_1_220' title='bbox 1418 4074 1765 4128; x_wconf 70' lang='lat' dir='ltr'>meremur.</span> <span class='ocrx_word' id='word_1_221' title='bbox 1855 4053 2050 4134; x_wconf 71' lang='lat' dir='ltr'>Quod</span> <span class='ocrx_word' id='word_1_222' title='bbox 2093 4066 2311 4122; x_wconf 80' lang='lat' dir='ltr'>autem</span> <span class='ocrx_word' id='word_1_223' title='bbox 2349 4073 2492 4119; x_wconf 81' lang='lat' dir='ltr'>me·</span> 
     </span>
    </p>
   </div>
  </div>
 </body>
</html>
