2842 4800
563 415 673 490 82

567 585 780 659 Quam
842 605 1105 650 causam
1162 585 1475 666 ipsemet,
1536 584 1794 667 quando
1850 599 2325 653 sacramentum
2381 590 2561 653 istud

561 698 628 762 in
660 719 866 761 coena
897 698 1330 777 consecravit,
1366 697 1665 762 omnibus
1692 700 1967 780 aperuit,
2009 722 2152 766 cum
2188 703 2321 767 ait:
2371 697 2554 776 Quo-

565 811 968 894 tiescumque
1013 801 1348 890 feceritis,
1391 810 1462 874 in
1504 812 1637 874 mei
1678 814 2060 876 memoriam
2105 803 2389 877 facietis.
2453 814 2562 880 Ex

561 925 879 988 memoria
921 926 1094 987 enim
1138 923 1494 987 amicorum
1539 934 1908 987 nostrorum
1952 922 2223 989 multum
2266 925 2443 990 solet
2482 927 2557 991 in

561 1033 753 1100 nobis
799 1035 1068 1099 dilectio
1116 1054 1366 1098 eorum.
1452 1032 1559 1098 Ad
1599 1037 1918 1119 majorem
1959 1038 2159 1122 igitur
2202 1039 2306 1101 sui
2350 1037 2557 1103 dilec-

560 1151 808 1213 tionem
841 1146 1207 1213 habendam
1241 1147 1367 1211 hoc
1400 1162 1876 1214 sacramentum
1918 1150 1989 1213 in
2032 1151 2411 1251 memoriam
2454 1154 2558 1216 sui

557 1262 705 1328 fieri
745 1263 1049 1325 instituit.
1141 1261 1253 1324 Sic
1296 1262 1471 1326 enim
1498 1262 1568 1324 in
1599 1274 2009 1326 sacramento
2040 1262 2369 1328 Christum
2395 1287 2555 1346 prae

558 1372 770 1467 oculis
816 1371 1062 1437 habere
1106 1370 1458 1451 debemus,
1505 1384 1833 1457 tamquam
1872 1374 1957 1438 ad
1986 1377 2364 1457 passionem
2397 1376 2552 1441 duc·

559 1501 730 1568 tum,
773 1509 1036 1571 passum
1080 1497 1147 1550 et
1190 1485 1572 1551 crucifixum
1606 1474 1730 1571 pro
1777 1485 2005 1566 nobis,
2065 1511 2232 1572 quae
2290 1512 2552 1573 reprae-

557 1604 842 1665 sentatio
887 1600 1263 1664 dilectionis
1307 1598 1490 1665 illius
1548 1622 1669 1665 nos
1726 1623 2049 1666 memores
2110 1604 2310 1683 facit,
2356 1627 2551 1688 quam

538 1716 698 1800 ‘ipse
743 1712 932 1778 nobis
979 1711 1300 1778 exhibuit.
1398 1711 1592 1777 Unde
1649 1726 1717 1777 et
1770 1716 2008 1798 majori
2064 1716 2420 1779 dilectione
2464 1716 2550 1782 ad

553 1850 701 1893 eum
746 1826 1265 1909 amplectendum
1308 1839 1375 1890 et
1413 1848 1530 1909 pro
1577 1849 1656 1890 eo
1706 1829 2081 1910 patiendum
2112 1830 2550 1908 accendimur,

555 1964 723 2026 quae
766 1943 1016 2006 vicaria
1061 1940 1332 2004 dilectio
1379 1953 1444 2003 et
1488 1939 1674 2004 illum
1718 1939 1908 2005 nobis
1954 1954 2020 2006 et
2064 1963 2184 2007 nos
2242 1942 2347 2006 illi
2393 1964 2548 2007 con·

541 2057 792 2142 jungit.
877 2054 1031 2118 Hoc
1074 2064 1553 2119 sacramentum
1597 2055 1667 2117 in
1723 2075 1892 2135 pane
1936 2066 2003 2118 et
2045 2057 2200 2119 vino
2252 2052 2546 2119 celebra-

451 2221 468 2245 ,
548 2182 674 2261 tur.
743 2166 936 2233 Unde
982 2167 1375 2246 notandum,
1422 2166 1595 2251 quod
1636 2169 1823 2250 panis
1864 2165 1983 2232 ille
2015 2179 2166 2231 ante
2196 2189 2545 2232 consecra-

549 2285 791 2346 tionem
831 2283 1019 2364 panis
1065 2292 1168 2344 est
1212 2292 1279 2344 et
1321 2280 1541 2344 vinum
1584 2280 1890 2344 similiter
1933 2283 2154 2345 vinum
2203 2293 2343 2347 est:
2388 2294 2542 2364 post

549 2393 1115 2474 consecrationem
1154 2415 1313 2458 vero
1361 2406 1427 2456 et
1459 2395 1648 2476 panis
1682 2416 1913 2477 corpus
1950 2392 2195 2458 Christi
2221 2408 2289 2459 et
2316 2396 2542 2461 vinum

547 2510 840 2597 sanguis.
927 2508 1036 2572 Sic
1076 2508 1283 2598 igitur
1334 2528 1560 2571 verum
1616 2529 1847 2591 corpus
1906 2505 2154 2572 Christi
2210 2521 2351 2589 est,
2408 2510 2543 2574 imo

548 2622 693 2708 ipse
752 2619 1078 2684 Christus.
1176 2616 1327 2683 Hoc
1382 2640 1614 2701 corpus
1672 2633 2147 2683 sacramentum
2205 2632 2309 2685 est
2356 2620 2543 2686 illius

546 2736 837 2816 corporis
884 2731 1174 2811 Christi,
1221 2731 1394 2816 quod
1440 2744 1542 2796 est
1583 2730 1926 2797 Ecclesia:
1987 2734 2140 2816 quia
2199 2735 2367 2797 sicut
2411 2733 2540 2799 hoc

546 2871 816 2933 corpus,
862 2849 1036 2933 quod
1077 2849 1218 2930 ipse
1262 2849 1575 2911 assumsit
1618 2846 1699 2909 de
1738 2843 2052 2933 Virgine,
2098 2846 2298 2912 habet
2330 2870 2533 2913 mem-

540 2963 662 3029 bra
735 2964 1037 3041 diversa,
1101 2981 1374 3044 quorum
1438 2958 1574 3024 alia
1646 2958 1802 3025 aliis
1873 2972 2093 3023 mutuo
2161 2962 2542 3028 necessaria

541 3088 766 3156 erant,
812 3078 907 3139 sic
952 3073 1080 3138 hoc
1126 3096 1392 3156 corpus,
1453 3072 1625 3157 quod
1671 3085 1775 3137 est
1819 3071 2146 3138 Ecclesia.
2230 3051 2423 3138 Unde
2469 3086 2541 3139 et

540 3188 902 3273 Apostolus
949 3187 1315 3268 Ecclesiam
1360 3188 1548 3270 quasi
1604 3186 1926 3268 quoddam
1987 3184 2234 3249 animal
2291 3186 2540 3250 descri-

536 3301 639 3367 bit
707 3300 959 3366 habens
1035 3310 1229 3381 caput
1288 3319 1512 3378 suum,
1576 3299 1787 3381 ipsum
1848 3297 2105 3362 scilicet
2164 3297 2537 3380 Christum,

540 3415 770 3505 oculos
814 3412 1147 3497 spiritales
1190 3411 1561 3494 praelatos,
1605 3403 1715 3495 qui
1758 3410 1912 3476 aliis
1944 3412 2353 3496 praevident,
2396 3434 2536 3477 ma-

537 3550 661 3593 nus
718 3529 898 3611 ipsos
957 3519 1378 3609 operatores,
1442 3525 1644 3608 pedes
1705 3526 1888 3607 ipsos
1946 3526 2232 3594 minores
2299 3527 2408 3609 qui
2451 3525 2539 3592 ad

541 3665 772 3725 corpus
819 3641 1205 3726 portandum
1249 3641 1610 3704 necessarii
1653 3650 1826 3706 sunt.
1917 3638 2029 3703 Sic
2067 3641 2239 3704 enim
2273 3640 2533 3705 alterno

535 3757 832 3840 indigent
876 3754 1295 3838 adjumento,
1340 3763 1412 3816 ut
1457 3764 1523 3816 et
1566 3754 1855 3836 majores
1901 3750 2260 3817 minoribus
2307 3764 2373 3816 et
2412 3755 2538 3817 mi-

538 3889 732 3936 nores
775 3864 1149 3951 majoribus,
1182 3867 1477 3932 vicissim
1532 3865 1948 3948 suppeditare
2007 3877 2330 3948 oporteat.
2418 3863 2535 3928 Sic

537 3980 711 4048 enim
754 3980 824 4044 in
871 3998 1144 4059 corpore
1186 3974 1471 4041 humano
1517 3976 1849 4055 videmus,
1905 3975 2077 4060 quod
2122 3974 2349 4039 oculos
2392 3995 2532 4037 ma-

535 4090 727 4159 nibus
772 4101 838 4155 et
883 4111 920 4155 e
957 4109 1318 4173 converso,
1362 4101 1430 4154 et
1456 4109 1685 4156 manus
1718 4088 1992 4175 pedibus
2039 4099 2109 4155 et
2138 4109 2176 4186 e
2205 4105 2525 4156 converso

1825 4290 1892 4323 χ
