2842 4800
361 1262 391 1277 Ι

498 540 849 606 venienter
891 537 1187 605 ordinem
1232 532 1643 604 deliberandi
1686 551 1881 623 atque
1924 534 2195 602 volendi
2236 536 2304 599 in
2340 531 2497 601 Deo

432 684 447 697 κ
500 649 904 716 confundere
965 651 1279 715 nituntur.
1367 651 1559 717 Prius
1601 651 1922 735 siquidem
1966 652 2216 715 animus
2259 648 2496 727 adver·

500 761 736 827 tendas
783 773 924 842 est,
967 784 1137 846 quae
1182 785 1266 828 ex
1312 784 1439 847 quo
1483 762 1775 851 utilitas,
1821 785 1988 847 quae
2031 762 2497 828 convenientia

498 872 854 957 sequatur,
919 887 987 938 et
1030 874 1264 941 deinde
1310 888 1382 941 ut
1424 877 1513 940 sit
1557 874 1664 941 vel
1708 898 1838 941 non
1882 879 1993 955 sit,
2038 876 2346 965 voluntas
2390 885 2500 938 est

494 981 896 1051 adhibenda.
983 983 1109 1050 Isti
1161 987 1457 1071 perfecto
1501 986 1864 1074 Origenem
1907 1000 1973 1053 et
2016 987 2495 1070 Hieronymum

493 1093 673 1161 male
730 1096 1131 1184 intelligunt.
1218 1098 1400 1166 Dicit
1456 1100 1632 1167 enim'
1665 1099 2149 1184 Hieronymus:
2206 1112 2282 1164 ut
2332 1119 2492 1163 vero

494 1221 570 1275 ut
639 1211 926 1275 rusticus
1013 1213 1208 1278 modo
1284 1211 1551 1296 loquar:
1642 1213 2181 1297 quemadmodum
2251 1212 2491 1295 aliquis

490 1324 767 1409 primum
807 1327 990 1391 videt
1032 1338 1100 1391 et
1142 1328 1484 1414 excogitat
1528 1326 1609 1391 de
1654 1325 1875 1409 aliqua
1915 1348 2014 1404 req
2059 1346 2144 1392 an
2183 1324 2492 1389 facienda

492 1441 587 1505 sit
630 1436 745 1504 vel
785 1459 959 1518 non,
1023 1461 1216 1523 quam
1258 1439 1368 1504 vel
1400 1414 1494 1504 ‘ea
1538 1438 1739 1503 faciat
1782 1437 1893 1503 vel
1935 1437 2254 1516 dimittat,
2324 1448 2388 1501 et
2429 1438 2489 1499 si

490 1551 679 1619 videt
719 1574 869 1618 esse
909 1552 1321 1633 faciendam,
1364 1555 1565 1632 facit,
1611 1555 1715 1619 sin
1753 1565 1999 1632 autem,
2047 1554 2346 1627 dimittit3
2391 1551 2488 1615 sic

488 1667 753 1750 inquam
793 1664 979 1731 Deus
1040 1664 1343 1748 providet
1400 1687 1567 1752 quae
1624 1669 1784 1731 sint.
1815 1666 2124 1731 facienda
2167 1665 2277 1730 vel
2320 1685 2476 1744 non,

493 1789 565 1844 et
625 1790 778 1843 tunc
842 1777 989 1843 vult
1042 1778 1155 1844 vel
1210 1779 1532 1845 non.vult
1574 1802 1655 1846 ea
1697 1781 1917 1847 facere
1980 1779 2091 1844 vel
2138 1780 2485 1843 dimittere.

489 1890 578 1956 Et
617 1892 715 1956 ita
754 1891 851 1957 rei
894 1890 1151 1958 utilitas
1192 1893 1263 1957 in
1308 1894 1454 1977 ejus
1515 1893 1890 1980 cognitione
1931 1892 2287 1976 praecedit.
2375 1889 2490 1955 Sic

490 2005 700 2094 igitur
744 2026 825 2070 ea
850 1996 1092 2071 'facere
1136 2027 1298 2091 quae
1342 2006 1527 2084 facit,
1574 2007 1726 2088 quia
1763 2016 1915 2070 sunt
1960 2005 2307 2084 facienda,
2354 2023 2483 2068 non

491 2117 647 2204 quia
705 2116 927 2182 facere
994 2116 1183 2183 velit.
1294 2115 1639 2195 Quocirca.
1687 2116 1915 2200 procul
1992 2116 2188 2182 dubio
2256 2117 2483 2199 depre-

489 2235 797 2303 henditur
829 2221 1301 2315 asserendum,
1368 2250 1602 2303 cuncta
1664 2249 1796 2301 tam
1852 2235 2031 2300 bona
2075 2256 2266 2319 quam
2306 2231 2484 2298 mala

490 2348 634 2416 ordi
679 2351 980 2416 atissima
1022 2349 1518 2433 dispensatione
1561 2350 1953 2432 provenire,
1997 2351 2151 2433 quia
2194 2348 2294 2413 sic
2333 2369 2485 2414 eve·

486 2464 709 2544 aiunt,
778 2463 1215 2543 conveniunt,
1275 2462 1452 2548 quod
1508 2464 1999 2528 convenientius
2045 2462 2310 2525 evenire
2354 2482 2485 2527 non

487 2589 793 2662 possunt.
893 2575 1089 2643 Unde
1144 2577 1585 2665 Augustinus:
1653 2576 1819 2642 adeo
1874 2576 2060 2643 Deus
2118 2575 2329 2642 bonus
2385 2589 2486 2640 est

488 2689 664 2778 quod
705 2688 883 2755 mala
923 2688 1073 2755 fieri
1113 2709 1247 2754 non
1292 2692 1539 2753 sineret
1563 2733 1583 2765 ‚
1630 2690 1761 2752 nisi
1805 2687 2045 2753 bouum
2090 2705 2268 2753 esset
2309 2686 2485 2762 mala

486 2825 667 2871 esse.
754 2804 1000 2882 Eadem
1044 2805 1220 2869 enim
1259 2804 1691 2887 ratione.qua
1734 2800 1874 2867 vult
1901 2802 2075 2867 bona
2110 2825 2285 2883 esse,
2332 2803 2485 2887 quia

482 2918 889 2984 conveniens
934 2929 1039 2982 est
1081 2938 1163 2982 ea
1205 2937 1391 2994 esse,
1461 2915 1689 2980 eadem
1730 2915 1985 2979 ratione
2031 2915 2173 2980 vult
2217 2928 2284 2980 et
2308 2914 2485 2982 mala

488 3050 665 3110 esse,
707 3030 865 3115 quia
905 3030 1099 3109 sicut,
1146 3033 1570 3113 quaecunque
1603 3049 1732 3092 non
1763 3029 1924 3092 sinit
1954 3050 2102 3093 esse
2125 3028 2498 3114 rationabif

480 3142 640 3209 liter
694 3163 827 3207 non
887 3144 1083 3221 sinit,
1141 3143 1241 3206 sic
1300 3162 1724 3225 quaecuuque
1764 3142 2084 3224 permittit
2123 3139 2486 3205 rationabi-

480 3253 642 3322 liter
694 3274 848 3334 «περ
907 3256 1226 3338 permittit
1282 3251 1392 3318 vel
1446 3255 1649 3317 etiam
1703 3253 2013 3336 disponit.
2103 3250 2300 3327 Quod
2343 3254 2483 3335 qui-‘-

482 3368 640 3434 dem
678 3378 934 3450 spectat
999 3378 1207 3431 totum
1260 3365 1346 3430 ad
1405 3366 1554 3450 ejus
1611 3366 1933 3450 majorem
1978 3364 2281 3451 gloriam.
2369 3363 2484 3430 Sic

387 3523 394 3531 ·
483 3479 661 3546 euim
703 3477 932 3563 aliqua
952 3480 1209 3562 pictura
1251 3477 1641 3562 quandoque
1685 3475 2018 3561 pulchrior
2060 3490 2129 3542 et
2156 3494 2484 3544 commen·

484 3575 771 3657 debilior
812 3591 1107 3656 redditur
1147 3591 1448 3674 apposito
1494 3589 1717 3675 aliquo
1748 3590 1972 3660 colore
2002 3588 2247 3669 viliori,
2294 3610 2487 3673 quam

478 3693 543 3767 si
582 3704 779 3767 unius
821 3701 1067 3768 coloris
1133 3713 1201 3766 et
1241 3685 1583 3767 uniformis
1630 3715 1832 3769 esset.
1917 3701 2029 3766 Sic
2096 3724 2181 3767 ex
2233 3701 2484 3765 admix-

483 3815 662 3879 tione
702 3811 1023 3881 malarum
1064 3812 1444 3898 respublica
1495 3816 1627 3881 ista
1668 3813 1998 3898 pulchrior
2041 3824 2109 3878 et
2149 3833 2476 3878 commen·

425 4007 432 4020 ι
477 3925 767 3992 dabilior
809 3925 1114 3992 efficitur.
1207 3923 1465 4010 Quippe
1524 3948 1670 3993 cum
1741 3926 1896 3992 boni
1952 3947 2153 4014 saepe
2211 3925 2482 3989 videant

475 4035 652 4107 alios
708 4039 1015 4118 cadere..
1053 4039 1165 4124 qui
1232 4048 1451 4106 tamen
1516 4037 1895 4108 stabiliores
1954 4058 2106 4105 esse
2147 4048 2478 4121 putantur,
