2842 4800
542 396 655 471 52

543 566 942 642 tinentibus,
1008 576 1356 651 antequam
1418 564 1505 631 ad
1562 563 1886 634 beneficia
1940 576 2390 649 transeamus,
2453 590 2542 636 an
2644 556 2649 559 Ἴ

543 679 986 764 plurapossit
1026 679 1288 758 facere,
1355 700 1442 745 an
1485 678 1715 760 aliter,
1783 700 1978 765 quam
2021 679 2264 761 faciat,
2328 684 2541 768 inqni-
2609 692 2614 699 ’

540 791 817 858 rendum
856 790 1135 855 videtur.
1226 789 1374 866 Quo
1435 792 1611 855 circa
1665 803 1738 856 ut
1796 789 1923 857 hoc
1976 791 2237 877 plenius
2292 808 2359 859 et
2402 798 2542 859 evi-

545 903 807 971 dentius
846 904 1245 968 disseramus
1269 948 1291 982 ,
1352 901 1831 987 aliquantulum
1890 880 2088 970 altius
2129 907 2542 990 incipiamus,

541 1017 758 1085 Deum
809 1039 959 1095 esse
1021 1020 1305 1085 omnium
1363 1030 1748 1084 creatorem.
1793 1031 1862 1084 et
1916 1019 2420 1107 gubernatorem
2474 1031 2543 1085 et

541 1152 742 1196 unum
770 1144 1000 1201 stamen
1046 1144 1112 1196 et
1140 1153 1290 1195 nou
1335 1133 1558 1214 plures
1583 1179 1604 1212 ,
1650 1155 1738 1198 ex
1780 1137 2093 1200 creaturis
2138 1134 2341 1200 facile
2386 1156 2544 1220 cog-

543 1245 748 1308 nitum
800 1264 987 1322 esse,
1058 1265 1185 1309 non
1244 1242 1459 1309 solum
1501 1245 1947 1331 Augustinus,
2013 1249 2129 1313 sed
2177 1250 2376 1313 etiam
2421 1244 2540 1309 alii

542 1359 754 1423 sancti
811 1369 878 1423 et
931 1356 1310 1441 philosophi
1375 1358 1759 1424 docuerunt.
1832 1359 2035 1445 *Unus
2081 1359 2344 1425 Tullius
2388 1379 2540 1442 pro-

541 1466 696 1549 bat,
739 1473 961 1535 omnia
1001 1472 1131 1534 ista
1172 1469 1341 1535 bene
1382 1475 1565 1558 regi,
1613 1473 1767 1556 quia
1809 1495 1977 1539 unus
2022 1486 2090 1539 e‘t
2131 1472 2538 1555 sapientissi-

539 1604 683 1648 mus
729 1584 1017 1647 omnium
1058 1590 1099 1646 a
1146 1605 1272 1666 quo
1314 1585 1742 1666 providentur
1784 1595 1856 1648 et
1891 1585 2043 1649 ideo
2086 1584 2260 1650 bene
2301 1583 2540 1672 guber-

540 1707 799 1761 uantur.
888 1694 1080 1771 Quae
1119 1698 1297 1760 enim
1336 1696 1443 1778 pie
1485 1680 1952 1780 providentur,
2018 1696 2257 1762 melius
2301 1718 2542 1784 regun-

538 1819 678 1887 tur,
741 1828 933 1891 quam
998 1829 1116 1887 ea,
1192 1828 1360 1892 quae
1424 1829 1555 1875 non
1619 1808 2046 1891 providentur
2103 1821 2171 1872 et
2210 1809 2360 1874 ideo
2406 1829 2538 1872 non

490 2006 497 2011 .
538 1919 712 1987 hene
733 1926 844 2002 ¹⁸).
889 1919 1178 1986 Mundus
1202 1920 1617 2003 providentia
1657 1922 1930 2006 regitur,
1974 1920 2276 1987 homines
2321 1932 2540 1986 autem

537 2054 691 2117 pars
736 2034 964 2098 muudi
1005 2046 1158 2099 sunt
1216 2046 1282 2099 et
1338 2047 1625 2099 caetera.
1716 2032 1913 2118 Hauc
1972 2035 2540 2118 dispositissimam

537 2144 1083 2231 gubernationem
1150 2170 1234 2214 ex
1293 2147 1675 2223 diversitate
1733 2146 2102 2212 machinam
2144 2148 2339 2212 istam
2381 2165 2537 2210 con·

537 2260 945 2343 stituentium
1018 2263 1302 2349 maxime
1358 2261 1800 2344 perpendunt,
1869 2261 2170 2326 videntes
2215 2258 2537 2341 siquidem

470 2370 478 2379 ’
534 2356 843 2438 mundum
884 2394 970 2438 ex
1004 2384 1136 2440 tam
1180 2374 1458 2440 diversis
1505 2385 1572 2438 et
1614 2394 1654 2439 a
1698 2395 1773 2438 se
1814 2376 2095 2438 invicem
2138 2370 2536 2437 dissonanti-

535 2483 659 2552 bus
702 2488 951 2552 naturis
985 2508 1135 2553 esse
1170 2500 1596 2572 compactum,
1641 2500 1776 2556 tam
1801 2485 1980 2553 aliud
2005 2494 2089 2567 ¹⁶)
2134 2507 2310 2565 esse,
2362 2484 2538 2569 quod

537 2597 662 2665 hoc
707 2597 966 2680 fecerit,
1011 2623 1203 2684 quam
1238 2603 1364 2682 (in)
1391 2604 1539 2687 ejus
1568 2599 2121 2665 inaestimabilem
2146 2600 2537 2682 sapientiam

532 2713 603 2777 in
647 2713 794 2779 istis
838 2715 1145 2802 regendis
1208 2713 1411 2779 facile
1471 2715 1937 2802 cognoverunt.
2029 2713 2140 2778 Sic
2185 2716 2359 2778 enim
2399 2712 2537 2779 for-

534 2828 690 2891 titer
734 2829 831 2893 sic
873 2809 1486 2910 sapienter‘cuncta
1532 2841 1711 2893 creat
1753 2841 1823 2892 et
1862 2826 2229 2914 gubernat,
2276 2827 2428 2910 quia
2470 2828 2535 2890 ei

531 2938 699 3004 nihil
759 2941 1073 3028 resistere
1127 2942 1381 3025 possit,
1452 2962 1576 3006 nec
1640 2944 1785 3007 sine
1844 2961 2046 3006 causa
2089 2939 2334 3025 aliquid
2378 2960 2533 3005 eve·-

532 3055 674 3119 nire
733 3056 1089 3135 permittat.
1179 3052 1372 3120 Unde
1410 3053 1574 3120 Job:
1648 3075 1769 3119 nec
1814 3057 2012 3119 etiam
2066 3051 2301 3118 folium
2357 3053 2536 3119 cadit

532 3165 614 3230 de
659 3163 896 3231 arbore
938 3170 1083 3232 sine
1128 3188 1349 3232 causa.
1438 3166 1588 3233 Hoc
1631 3170 1831 3233 etiam
1870 3166 2100 3246 Plato,
2146 3167 2319 3250 quod
2362 3164 2533 3231 nihil

528 3275 796 3345 fit‘sine
853 3276 1230 3344 rationabili
1299 3300 1522 3345 causa.
1613 3278 1777 3345 Cum
1818 3280 2018 3367 igitur
2056 3280 2232 3343 inter
2275 3289 2532 3343 creatu·

525 3409 667 3469 ras,
702 3402 777 3454 ut
821 3391 1065 3456 dictum
1111 3402 1251 3471 est,
1298 3390 1572 3477 aliquid,
1619 3392 1793 3478 quod
1836 3391 1964 3457 hoc
2006 3396 2235 3473 'posset
2274 3388 2523 3471 facere,

526 3504 820 3604 reperire
884 3504 1149 3567 minime
1220 3502 1614 3585 valuerunt,
1670 3504 2273 3573 animadverterunt
2334 3525 2531 3587 super

526 3616 1029 3682 universitatem
1080 3619 1276 3681 istam
1321 3615 1570 3704 aliquid
1613 3638 1803 3697 esse,
1870 3617 2043 3702 quod
2085 3614 2212 3680 hoc
2254 3616 2530 3698 faceret,

531 3737 599 3792 et
636 3724 805 3792 illud
867 3749 1018 3794 esse
1082 3730 1368 3824 omnium
1424 3741 1789 3795 creatorem
1848 3740 1916 3793 et
1967 3730 2332 3812 sapientem
2376 3750 2528 3796 esse

528 3840 841 3907 dixerunt
885 3819 1351 3926 et01ectorem3
1400 3864 1490 3909 ex
1532 3841 1660 3908 hoc
1702 3842 1877 3926 quod
1918 3839 2082 3906 nihil
2128 3843 2193 3905 ei
2217 3829 2540 3907 resistere

523 3963 794 4039 posset,
856 3956 1428 4039 omnipotentem,
1451 3976 1537 4021 ex
1579 3952 1743 4035 hoc,
1803 3953 1981 4040 quod
2023 3953 2108 4018 ad
2153 3951 2528 4041 elegantem

527 4066 831 4133 effectum
875 4068 1099 4135 omnia
1128 4068 1431 4149 «lucerua,-
1468 4067 2038 4152 omnisapientem,
2082 4085 2172 4133 ex
2204 4063 2331 4132 hoc
2358 4064 2534 4152 quod
