2842 4800
446 384 603 461 ‚os
893 447 919 478 ,

501 553 659 620 unio
699 546 827 618 illa
864 548 963 616 sie
1005 530 1185 613 faeta
1227 555 1354 624 est,
1401 541 1601 629 quod,
1644 541 1816 606 sieut
1857 542 2018 627 dicit
2057 540 2294 610 beatus
2336 543 2496 612 Am..

500 664 800 744 brosius,
872 658 1059 726 nulla
1120 656 1385 725 illarum
1444 666 1815 721 naturarum
1871 655 1942 719 in
2005 654 2205 720 aliam
2247 668 2501 724 mutata

416 832 429 849 x
501 791 647 862 est„
747 776 944 854 Quod
1010 777 1081 839 in
1155 772 1425 837 homine
1499 788 1756 854 quoque
1820 768 2070 854 liquido
2147 771 2502 835 monstrari

501 903 748 980 potest.
837 888 973 952 Sio’
1007 887 1184 951 enim
1239 885 1456 948 anima
1511 892 1579 946 et
1635 902 1869 965 eorpus
1926 882 1998 946 in
2038 902 2233 946 uuam
2274 889 2538 966 perso-⁴

506 1028 658 1074 nam
714 1003 1149 1077 conveniunt,
1224 995 1397 1080 quod
1462 1007 1761 1060 neutrum
1822 993 2054 1061 horum
2108 995 2389 1060 vertitur
2433 993 2503 1057 in

506 1118 810 1186 alterum.
902 1111 1161 1194 Quippe
1215 1129 1335 1173 neo
1397 1107 1617 1173 anima
1661 1126 1854 1186 caro,
1922 1128 2044 1172 nec
2087 1128 2242 1172 caro
2288 1107 2508 1170 anima

504 1241 771 1316 propter
815 1226 940 1292 hoo
980 1224 1288 1311 efficitur.
1379 1219 1626 1283 Eodem
1677 1239 1932 1303 quoque
1974 1219 2169 1284 modo
2213 1216 2509 1301 inchri-

508 1353 615 1410 sto
659 1340 883 1406 divina
926 1348 992 1401 et
1038 1335 1321 1401 humana
1364 1343 1597 1415 natura
1636 1335 1708 1395 in
1750 1353 1947 1397 unam
1974 1351 2323 1415 personam
2349 1351 2507 1396 oon-

507 1458 800 1532 veniunt‚
846 1451 1017 1536 quod
1063 1446 1295 1514 neutra
1336 1444 1599 1511 illarum
1633 1446 1708 1509 ¹iu
1752 1442 2031 1511 alteram
2055 1446 2314 1509 transit.
2403 1439 2509 1506 Si-

513 1569 811 1656 quidem,
871 1574 947 1626 ut
1004 1561 1100 1623 ait
1139 1554 1584 1644 Augustinus,
1651 1555 1713 1618 si
1756 1551 2044 1618 Verbum
2088 1555 2397 1619 transiret
2437 1554 2511 1617 in

511 1680 886 1753 hominem,
933 1670 1043 1737 vel
1085 1669 1280 1737 homo
1324 1669 1395 1732 in
1438 1664 1753 1744 Verbum,
1800 1676 1953 1731 tuuc
1995 1686 2126 1731 nou
2170 1676 2351 1731 esset
2388 1663 2511 1745 ibi,

513 1795 644 1860 nisi
684 1801 934 1855 tantum
979 1784 1174 1850 homo
1219 1779 1331 1846 vel
1391 1790 1642 1859 tantum
1678 1776 1993 1844 Verbum.
2079 1777 2270 1844 Solet
2313 1780 2516 1845 etiam

518 1905 797 1991 ambigi,
855 1923 941 1965 an
999 1897 1128 1963 hae
1172 1896 1343 1960 duae
1386 1904 1662 1958 naturae
1702 1889 1886 1956 illius
1930 1912 2252 1974 personae
2295 1902 2514 1974 partes

516 2022 651 2086 sint
692 2014 1032 2082 dicendae.
1120 2009 1210 2075 At
1252 2026 1454 2084 vero,
1518 2005 1648 2068 nisi
1703 2016 1924 2087 partes
1969 2003 2323 2079 sint,illius
2368 2024 2517 2087 per-

518 2152 766 2210 sonae,
832 2121 1182 2193 Athanasii
1231 2116 1366 2187 ‚illa
1421 2114 1784 2182 similitudo
1841 2137 1959 2200 pro
2002 2115 2212 2181 nihilo
2258 2117 2521 2183 videtur

516 2243 811 2309 inducta.
897 2237 1064 2307 Item
1108 2236 1168 2299 si
1212 2253 1347 2298 nou
1388 2241 1615 2295 essent
1654 2241 1901 2311 partes,
1944 2231 2016 2294 in
2064 2226 2329 2313 aliquod
2361 2250 2519 2297 oon-

518 2355 871 2425 fioieudum
915 2372 1048 2416 non
1092 2346 1565 2425 convenirent,
1610 2344 1729 2409 sed
1776 2343 2170 2408 conveniunt
2208 2345 2282 2408 in
2322 2363 2521 2410 unam

520 2488 893 2555 personam.
980 2461 1215 2528 Partes
1256 2462 1459 2547 igitur
1502 2478 1617 2523 eas
1660 2476 1809 2521 esse
1851 2477 2126 2522 neeesse
2170 2469 2296 2537 est,
2348 2458 2523 2540 quod

526 2605 661 2654 nou
719 2580 934 2648 solum
990 2577 1156 2643 haee
1212 2575 1382 2642 ratio
1458 2586 1525 2638 et
1578 2571 1701 2637 illa
1758 2569 2111 2650 Athanasii
2166 2568 2522 2635 similitudo

529 2687 907 2780 compellit,
970 2712 1196 2760 verum
1251 2708 1508 2773 quoque
1555 2685 1911 2750 auctoritas
1955 2681 2082 2747 hoo
2122 2684 2298 2747 idem
2338 2685 2523 2747 inve-

528 2813 723 2892 nitur⁸
748 2827 1074 2874 asserere.
1159 2800 1274 2866 Ait
1316 2801 1489 2879 enim
1531 2796 2011 2879 Hieronymus:
2045 2793 2363 2874 ‘Christus
2403 2815 2523 2879 pro

529 2935 715 3012 parte
758 2930 861 2986 est
901 2917 1098 2983 homo
1144 2925 1214 2980 et
1268 2931 1384 2995 pro
1442 2921 1624 2994 parte
1670 2917 1772 2972 est
1819 2905 2030 2972 Deus.
2115 2906 2525 2995 Augustinus

465 3055 471 3062 “
532 3052 754 3107 tamen
795 3031 924 3097 hoc
969 3025 1330 3112 approbare
1373 3021 1624 3100 uoluit,
1678 3031 1942 3103 propter
1971 3011 2281 3085 *mutuam
2325 3019 2407 3084 de
2452 3038 2528 3082 se

534 3148 842 3240 fortassis
919 3141 1493 3229 praedicationem.
1563 3132 1824 3210 .Q„uam
1889 3129 1974 3196 oh
2039 3153 2176 3211 rem
2258 3132 2340 3197 de
2404 3128 2532 3196 hae

536 3259 1046 3348 praedicatione,
1088 3266 1304 3321 utrum
1344 3271 1505 3316 vera
1547 3249 1637 3313 sit
1678 3269 1763 3312 an
1818 3266 1988 3325 non,
2034 3243 2389 3331 diligenter
2430 3244 2532 3307 in·-

539 3377 797 3461 quirere
842 3383 946 3437 est
986 3363 1355 3434 eonsilium.
1442 3362 1693 3427 Omnes
1738 3362 1911 3426 enim
1955 3357 2326 3423 locutiones
2360 3360 2534 3422 istae

539 3491 610 3554 in
655 3480 1149 3560 auetoritatibus
1191 3476 1641 3542 inveniuntur:
1687 3471 1875 3537 Deus
1921 3482 2027 3536 est
2066 3469 2292 3550 homo,
2337 3468 2536 3536 homo

541 3611 648 3668 est
684 3598 906 3663 Deus:
969 3592 1270 3660 Christus
1328 3600 1432 3655 est
1469 3585 1648 3653 filius
1693 3584 2017 3664 hominis,
2085 3580 2388 3649 Christus
2433 3594 2539 3648 est

543 3714 723 3782 filius
749 3713 917 3780 Dei:
965 3708 1266 3778 Christus
1312 3719 1416 3772 est
1437 3703 1625 3770 Deus
1669 3715 1737 3768 et
1770 3701 2000 3767 homo:
2049 3718 2318 3784 quarum
2350 3693 2539 3761 nulla

547 3838 808 3913 praeter
838 3843 1045 3898 ‚unam
1112 3821 1371 3905 propria
1427 3818 1711 3884 videtur.
1799 3813 1873 3879 Si
1915 3814 2091 3879 enim
2130 3810 2412 3894 propria.
2436 3819 2543 3874 est

548 3943 683 4022 ista
721 3938 1000 4005 loeutio:
1045 3932 1231 4001 Deus
1276 3943 1380 3999 est
1418 3929 1640 4008 homo,
1680 3938 1836 3992 tune
1864 3937 2201 3993 aeternum
2243 3933 2349 3988 est
2380 3932 2545 3986 tem-

548 4050 817 4136 porale,
872 4047 1155 4134 simplex
1216 4057 1322 4112 est
1360 4043 1788 4127 eompositum
1805 4085 1828 4121 ,
1889 4051 2149 4106 creator
2211 4045 2319 4101 est
2359 4053 2543 4102 erea-

2270 465 2304 493 λ
