2842 4800
553 390 662 477 32

554 571 772 659 Deum
813 567 1352 657 glorificaverunt
1408 578 1522 632 aut
1564 570 1815 655 gratias
1857 582 2173 659 egerunt,
2234 576 2356 640 sed
2398 594 2554 638 eva·

554 696 838 753 nuerunt
875 686 945 749 in
996 679 1506 769 cogitationibus
1564 684 1702 748 suis
1760 695 1831 748 et
1872 696 2161 751 caetera.
2247 683 2438 751 Unde
2485 697 2554 751 et

555 795 962 862 Claudianus
1019 794 1473 862 Praefectorio
1528 794 1811 861 Patricio
1886 799 1967 863 de
2046 809 2223 862 statu
2290 799 2554 865 animae

551 911 873 989 scribens,
917 908 1022 975 his
1044 911 1339 976 meminit
1381 906 1638 976 verbis:
1686 922 1752 975 et
1796 911 1972 995 quod
2014 910 2387 976 mortalium
2430 933 2547 996 ge·-

552 1028 696 1091 neri
741 1026 962 1090 datum
1007 1036 1146 1104 est,
1208 1036 1282 1089 ut
1329 1023 1636 1089 abstrusa
1677 1024 1915 1090 fortius
1960 1038 2273 1109 quaerat,
2318 1010 2390 1090 nt
2430 1045 2552 1089 ne-

550 1144 717 1228 gata=
762 1141 974 1225 magis
1037 1116 1316 1219 ambiat,
1382 1150 1456 1203 ut
1525 1139 1774 1203 tardius
1818 1139 2057 1220 adepta
2096 1137 2242 1222 plus
2287 1138 2544 1225 diligat,

552 1277 633 1321 eo
678 1252 1062 1341 flagrantius
1109 1236 1948 1331 animadvertitur'veritas,
1994 1273 2120 1335 quo
2149 1252 2405 1317 diutius*
2433 1251 2546 1314 de-

549 1367 875 1434 sideratur
912 1362 1023 1429 vel
1085 1362 1486 1429 laboriosius
1529 1364 1864 1448 quaeritur
1906 1361 2021 1428 vel
2065 1362 2315 1428 tardius
2356 1364 2542 1429 inve-

524 1462 748 1544 nitur.
804 1478 982 1543 Hinc
1024 1476 1272 1543 factum
1318 1488 1445 1556 est,
1488 1488 1563 1557 ut
1602 1475 1978 1561 philosophi
2020 1497 2277 1561 quoque
2322 1473 2545 1541 excel-

542 1572 830 1682 lentibus
892 1592 1177 1677 ingeniis
1230 1589 1417 1676 longi
1473 1590 1721 1655 saeculi
1781 1591 1863 1655 de
1904 1592 2181 1656 veritate
2226 1608 2542 1674 quaeren-

549 1718 693 1786 tes,
734 1700 1051 1786 ,abusque
1092 1700 1475 1788 Pythagora
1532 1699 1770 1767 Italico
1805 1701 1947 1767 ‘vel
2008 1701 2237 1767 lonico
2299 1696 2574 1767 Talete'

544 1838 804 1899 semper
847 1816 1246 1894 exstiterint,
1291 1816 1402 1897 qui
1448 1813 1917 1879 dissidentibus
1940 1814 2093 1880 aliis
2121 1814 2230 1881 vel
2261 1817 2328 1879 in
2353 1826 2540 1897 parte

515 1931 763 2014 ‘operis
809 1927 1057 2011 aliquid
1098 1928 1365 2013 dignum
1411 1938 1598 1990 tanta
1638 1927 1876 2013 indage
1908 1940 2279 1993 senserunt.
2343 1926 2536 1994 Unde

504 2046 743 2111 ··etiam
788 2043 1018 2106 doctor
1062 2042 1353 2126 gentium
1397 2030 1531 2104 non
1574 2052 1707 2103 tam
1731 2043 2018 2124 ignaros
2062 2042 2202 2105 veri
2242 2038 2536 2123 philoso-

514 2146 707 2241 ¹phos
772 2175 966 2238 quam
1032 2152 1280 2237 cogniti
1351 2162 1789 2216 contemtores
1859 2163 2128 2218 accusat
2197 2154 2531 2237 inquiens:

520 2266 898 2337 ‘invisibilia
930 2264 1061 2330 Dei
1106 2288 1147 2330 a
1176 2277 1477 2329 ereatura
1516 2265 1739 2331 mundi
1779 2287 1897 2348 per
1940 2287 2022 2330 ea
2047 2286 2215 2350 quae
2258 2265 2309 2330 f.
2354 2277 2531 2346 sunt,

518 2374 882 2450 'intellecta
944 2381 1428 2463 conspiciuntur
1481 2390 1550 2444 et
1605 2391 1891 2446 caetera.
1979 2379 2158 2445 Hine
2214 2381 2411 2446 etiam
2448 2382 2533 2447 il-

536 2496 654 2562 lud
709 2494 1062 2580 Augustini
1121 2493 1203 2556 de
1262 2494 1527 2557 civitate
1572 2492 1703 2558 Dei
1767 2494 1840 2558 in
1881 2492 2055 2559 libro
2099 2491 2288 2559 VIII.
2336 2492 2531 2559 homo

537 2597 955 2673 Christianus
1039 2601 1254 2669 literis
1338 2617 1587 2670 tantum
1681 2604 2155 2671 ecclesiasticis
2239 2605 2570 2672 eruditus·

539 2732 729 2785 cav'et
751 2733 893 2796 eos,
910 2718 1018 2801 qui
1041 2715 1398 2781 secundum
1420 2714 1750 2781 elementa
1772 2715 1967 2801 hujus
1991 2718 2211 2807 mundi
2237 2716 2532 2801 philoso-

504 2829 836 2918 phantur.
952 2826 1363 2894 Admonetur
1433 2831 1634 2895 etiam
1711 2828 2077 2912 apostolico
2142 2844 2527 2915 praecepto:

535 2944 784 3010 Cavete
801 2955 859 3022 ,··‘
887 2959 981 3006 ne·
1035 2943 1179 3025 quis
1240 2963 1360 3007 vos
1408 2931 1692 3007 ‘seducat
1743 2935 1862 3023 per
1920 2941 2405 3026 philosophiam
2463 2956 2532 3008 et

512 3061 795 3124 inanem
838 3056 1287 3122 seductionem
1319 3057 1670 3122 seeundum
1715 3056 2044 3121 elementa
2085 3058 2329 3122 mundi.
2392 3058 2530 3124 De-

529 3190 701 3236 mum
742 3166 843 3234 'ne-
871 3183 1099 3234 omnes
1143 3167 1314 3234 tales
1360 3190 1512 3234 esse
1537 3168 1907 3250 arbitretur,
1954 3170 2137 3235 audit
2181 3170 2263 3236 ab
2296 3172 2529 3237 eodem

504 3279 837 3364 apostolo
882 3279 965 3343 de
1015 3280 1441 3364 quibusdam,
1502 3283 1656 3366 quia
1713 3282 1888 3366 qnod
1944 3294 2169 3348 notum
2227 3295 2332 3347 est
2371 3281 2527 3363 Dei,

527 3393 948 3459 manifestum
993 3405 1095 3459 est
1134 3393 1385 3460 in'illis
1433 3408 1500 3459 et
1542 3408 1825 3461 caetera.
1913 3396 1999 3460 Et
2032 3393 2142 3460 ubi
2164 3395 2528 3463 Athenien-

500 3505 709 3572 ·sibus
748 3501 1054 3591 loquenS,
1104 3521 1247 3573 oum
1288 3501 1428 3573 r‘em
1469 3529 1777 3596 magnam
1821 3509 1903 3574 de
1942 3507 2090 3575 Deo
2137 3510 2418 3575 dixisset
2460 3520 2529 3574 et

506 3613 700 3703 ‘quae
744 3638 786 3682 a
824 3621 1051 3701 paneis
1093 3613 1321 3702 posset
1358 3597 1675 3706 intelligi,
1726 3621 1902 3706 quod
1942 3617 2011 3685 in
2053 3619 2174 3686 illo
2218 3624 2527 3703 vivimus,

528 3727 885 3812 movemur
906 3742 975 3795 et
993 3750 1241 3810 sumus,
1260 3749 1266 3756 ·
1287 3732 1530 3815 adjecit
1551 3729 1786 3800 etiamt
1832 3736 2006 3799 sieut
2032 3734 2293 3819 quidam
2319 3734 2528 3799 vestri

502 3839 860 3908 dixerunt.
959 3842 1143 3908 Idem
1190 3847 1267 3911 in
1339 3844 1517 3911 libro
1584 3847 1667 3913 de
1724 3847 1955 3930 s'pi'ritu
2029 3859 2120 3913 et·
2161 3845 2302 3913 lit.:
2387 3848 2527 3913 vita

529 3955 818 4037 sapiens,
863 3973 1030 4041 quae
1072 3956 1237 4021 feeit
1276 3958 1609 4038 mundum,
1655 3955 2381 4043 contemplato’inundo
2421 3961 2527 4027 in·

529 4063 873 4156 telligitur.
958 4066 1315 4158 Interroga
1336 4071 1676 4153 mundum,=
1713 4084 2012 4140 ornatum
2031 4069 2243 4156 oceli,
2286 4086 2530 4141 terram
