2842 4800
430 332 451 373 -·
491 334 730 411 xx1v
780 418 793 433 ⁸

494 545 733 601 rores
784 536 1104 603 resecta
1122 547 1342 602 xesse.
1456 520 1622 603 Sed
1688 521 2002 613 difficile
2064 535 2187 604 est
2265 524 2493 606 intel·
2545 626 2550 635 Ι

494 671 737 771 lectu,
766 695 941 749 cur
964 668 1062 769 is,
1102 668 1236 778 qui
1273 667 1484 747 hanc
1517 668 2493 777 criticastriprovinciam
2575 758 2590 765 ,

494 817 583 898 in
632 844 725 897 se
775 815 1127 923 suscepit
1155 871 1178 913 ‚
1235 813 1505 895 medio
1576 815 1660 895 in
1719 815 1928 895 libro
1978 815 2308 896 demum
2351 842 2489 896 res

454 962 767 1044 ‘minus
823 962 1232 1070 placentes
1311 984 1598 1041 severe
1659 963 2277 1071 amputaverit,
2342 988 2494 1043 cur

499 1107 776 1191 nonin
797 1103 1213 1215 prioribus
1236 1104 1634 1212 capitibus
1665 1105 1880 1185 idem
1900 1105 2212 1209 fecerit,
2238 1109 2490 1205 immo

496 1255 765 1367 potius
833 1251 902 1331 si
949 1249 1100 1330 sibi
1153 1263 1532 1341 constare
1585 1251 1980 1333 voluisset
2053 1267 2319 1333 totum
2355 1281 2494 1335 ex-

498 1399 842 1510 emplar,
890 1395 1104 1507 quod
1137 1396 1223 1475 in
1256 1420 1544 1476 manus
1580 1396 1885 1496 incidit,
1924 1399 2374 1507 perdiderit
2408 1414 2493 1481 et

378 1656 385 1661 v
497 1579 605 1632 ex
629 1571 865 1627 more
914 1557 1106 1623 tunc
1154 1514 1548 1653 temporis
1584 1543 1878 1623 usitato
1911 1545 2102 1654 igne
2164 1572 2492 1627 concre-

497 1688 908 1777 maverit?
963 1687 1230 1769 Alteri
1268 1700 1556 1768 contra
1588 1688 1972 1797 opinioni,
2009 1693 2340 1771 Petrum
2370 1693 2495 1771 In..

497 1836 1098 1924 troductionem
1152 1860 1599 1943 numquam
1658 1829 2142 1936 absolvisse,
2183 1836 2328 1918 sed
2358 1838 2496 1933 ali-3

503 2012 664 2099 qua
693 2010 790 2064 re
821 1978 1296 2089 impeditum
1324 1979 1598 2082 fuisse,
1639 2009 1800 2090 quo
1830 1983 2095 2086 minus
2131 1983 2493 2093 inceptas

499 2131 934 2242 perficeret
973 2127 1569 2207 lucubrationes
1596 2185 1620 2227 ,
1687 2126 1845 2207 duo
1902 2126 2185 2210 favere
2217 2125 2497 2210 viden·-

500 2295 664 2360 tur.
730 2274 827 2354 Id
861 2272 1158 2353 scilicet
1197 2275 1471 2382 primo
1523 2273 1732 2373 loco,
1797 2273 2012 2381 quod
2051 2289 2228 2354 tum
2263 2273 2495 2355 facile

502 2422 894 2533 explicari
929 2433 1246 2529 potest,
1307 2448 1457 2501 cur
1489 2420 1756 2500 media
1811 2419 1895 2499 in
1928 2421 2495 2529 propositione

501 2570 763 2676 oratio
801 2580 1104 2668 cesset3
1167 2565 1456 2646 deinde
1513 2563 1595 2644 id
1641 2564 1988 2645 fortasse
2030 2591 2348 2675 quoque
2386 2566 2498 2645 al-

496 2731 682 2799 tero
702 2715 913 2814 loco,
946 2710 1162 2822 quod
1177 2707 1450 2794 forma
1472 2707 1974 2821 Theologiae
2009 2710 2495 2793 christianae

499 2886 905 2958 summam
960 2850 1564 2937 similitudinem
1620 2882 1810 2936 cum
1855 2855 2492 2958 Introductione,

502 3023 894 3120 quatenus
926 3007 1016 3086 in
1042 3019 1391 3115 utroque
1413 2996 1766 3085 tractatu
1795 3002 2012 3106 idem
2047 3001 2490 3114 reperitur,

496 3152 757 3238 refert
810 3150 912 3233 ¹⁸).
1045 3152 1484 3234 Praeterea
1577 3146 1861 3263 quaeri
1939 3164 2212 3261 potest
2226 3209 2252 3252 ‚
2346 3176 2496 3233 cur

501 3503 613 3581 18)
665 3494 898 3580 Neque
938 3507 1158 3562 tamen
1180 3517 1285 3561 me
1302 3498 1637 3579 praeterit,
1680 3494 1853 3560 hanc
1886 3509 2151 3561 causam
2182 3496 2493 3581 quodam-

661 3607 856 3674 modo
900 3606 1219 3693 incertam
1265 3626 1440 3689 esse,
1527 3606 1793 3671 Etenim
1833 3608 1894 3670 si
1937 3605 2496 3673 luti-eductionem

662 3718 1114 3802 imperfectam
1159 3738 1310 3782 esse
1355 3740 1444 3784 ex
1489 3738 1569 3783 eo
1613 3717 1915 3785 volumus
1972 3718 2251 3800 elicere,
2321 3719 2496 3804 quod

668 3827 1048 3917 Theologia
1086 3829 1476 3914 imperfecta
1518 3832 1643 3910 sit,
1706 3830 1876 3894 hanc
1921 3851 2177 3914 quoque
2219 3853 2292 3896 re
2336 3853 2497 3897 vera

663 3940 1118 4025 imperfectam
1179 3941 1388 4009 fuisse
1455 3945 1734 4026 primum
1761 3921 1766 3924 ⁵
1793 3954 1977 4007 esset
2036 3944 2492 4023 evincendum,

662 4057 725 4122 si
771 4053 1079 4123 circulum
1122 4057 1191 4121 in
1236 4054 1744 4123 demonstrando
1807 4053 2263 4144 subterfugere
2309 4055 2502 4125 velis.
