2842 4800
2172 404 2280 479 89

295 596 412 659 per
455 587 707 660 partem
747 573 999 658 Israel,
1040 575 1239 641 tertio
1282 595 1478 659 super
1520 587 1746 642 totum.
1836 558 2085 644 Eodem
2120 601 2280 662 quo·

300 710 426 772 qne
469 689 663 752 modo
690 691 1131 773 unusquisque
1164 687 1578 754 Christianus
1613 678 1715 754 t‘er
1748 694 2033 778 ungitur,
2073 695 2280 775 primo

301 800 383 864 ad
427 800 935 881 inchoationem,
989 805 1055 865 in
1102 800 1492 884 baptismate
1539 802 1818 882 scilicet,
1861 803 1974 870 ubi
2017 821 2286 888 peccata

301 913 711 979 dimittuntur
731 958 753 994 ,
796 914 1085 979 secundo
1113 916 1183 979 in
1214 914 1748 995 confirmatione,
1791 916 1903 981 nbi
1930 918 2103 983 dona
2135 943 2286 1005 gra-

302 1031 434 1092 tiae
478 1029 943 1108 conferuntur,
1001 1033 1197 1092 tertio
1252 1030 1322 1092 in
1366 1030 1585 1110 exitu,
1653 1030 1767 1095 ubi
1810 1031 1921 1096 vel
1964 1036 2183 1097 omnia
2228 1036 2291 1099 si

304 1162 433 1226 qua
473 1152 627 1204 sunt
676 1153 980 1223 peccata,
1036 1140 1148 1207 vel
1201 1162 1425 1205 eorum
1469 1143 1753 1207 maxima
1795 1165 1946 1225 pars
2008 1144 2288 1211 deletur.

475 1251 842 1319 Videndum
904 1254 1145 1337 igitur,
1206 1276 1371 1338 quae
1426 1276 1571 1333 res,
1627 1277 1794 1339 quae
1846 1258 1937 1322 sit
1994 1246 2294 1325 efficacia

247 1450 254 1457 ⁵
310 1364 503 1451 hujus
560 1366 993 1445 sacramenti,
1048 1377 1267 1431 utrum
1322 1367 1499 1431 idem
1553 1368 1641 1432 sit
1696 1390 1803 1432 res
1863 1380 1933 1433 et
1991 1371 2297 1438 efficacia

307 1500 394 1544 an
436 1481 656 1563 potius
698 1480 870 1542 inter
906 1499 983 1542 se
1016 1477 1301 1542 diversa.
1372 1478 1477 1577 Ad
1508 1479 1679 1563 quod
1713 1479 2079 1562 dicendum,
2124 1485 2298 1568 quod

310 1592 627 1675 quaedam
690 1590 1245 1656 sacramentorum
1307 1592 1374 1657 in
1435 1590 1563 1687 hoc
1624 1598 2056 1675 conveniunt,
2124 1595 2295 1679 quod

310 1704 620 1771 videlicet
678 1703 817 1773 alia
888 1715 993 1767 est
1057 1725 1281 1768 eorum
1339 1704 1644 1771 efficacia
1709 1719 1776 1771 et
1837 1706 2017 1772 aliud
2076 1731 2303 1774 eorum

282 1818 443 1884 res.
512 1815 852 1894 Quaedam
895 1818 1168 1881 veroin
1221 1815 1347 1881 hoc
1406 1819 1813 1901 discrepant,
1873 1834 2097 1902 utpote
2140 1820 2301 1903 bap·

311 1934 541 1997 tismus
584 1932 759 1995 idem
803 1929 1006 1995 habet
1066 1951 1208 1994 rem
1247 1941 1317 1993 et
1373 1931 1705 1995 effectum.
1805 1931 2304 1998 Sacramentum

316 2066 474 2110 vero
520 2043 749 2109 altaris
795 2065 923 2109 non
976 2045 1074 2108 sic
1130 2062 1205 2106 se
1262 2041 1486 2108 habet.
1577 2043 1744 2110 Cum
1786 2048 1959 2110 enim
2001 2047 2175 2111 idem
2217 2050 2306 2112 sit
2365 2072 2376 2079 “

314 2180 424 2226 res
470 2170 538 2222 et
574 2157 745 2241 quod
777 2156 1028 2235 efficit,
1086 2167 1305 2220 tamen
1346 2155 1525 2220 aliud
1565 2132 1780 2221 ⁸efficit
1821 2172 2305 2225 sacramentum

316 2271 587 2351 altaris,
632 2269 714 2337 de
759 2291 887 2353 qua
929 2267 1229 2333 efficacia
1271 2270 1567 2352 superius
1612 2272 2011 2336 ostendimus
2057 2274 2320 2345 suffici-,

321 2396 547 2465 enter,
603 2395 670 2447 et
712 2379 848 2448 alia
901 2393 1004 2446 est
1043 2404 1150 2447 res
1195 2383 1365 2467 ejus.
1416 2379 1777 2449 'Similiter
1833 2397 1902 2450 et
1961 2384 2155 2471 hujus
2200 2409 2308 2452 sa-

320 2498 637 2563 cramenti
687 2494 821 2569 alia
876 2507 978 2561 est
1035 2516 1144 2559 res
1200 2507 1267 2558 et
1311 2493 1449 2559 alia
1490 2495 1833 2571 efficacia3
1892 2519 2002 2563 res
2048 2498 2307 2578 eadem,

322 2632 488 2696 quae
533 2620 603 2673 et
644 2609 1036 2672 sacramenti
1082 2605 1339 2671 altaris.
1410 2603 1583 2672 Nam
1615 2629 1746 2671 non
1780 2607 1908 2673 hoc
1938 2632 2307 2675 sacramen·
2389 2695 2396 2706 ἱ

321 2735 479 2800 tum,
518 2721 688 2803 quod
716 2720 953 2805 figurat
976 2727 1096 2800 2⁵),
1143 2719 1261 2783 sed
1296 2720 1582 2783 ostendit
1609 2720 1855 2786 factum
1883 2742 2058 2787 esse.
2119 2723 2311 2788 Prius

323 2837 643 2918 siquidem
686 2845 792 2898 est
848 2831 1087 2917 aliquis
1143 2830 1501 2896 membrum
1563 2832 1843 2913 Christi,
1907 2836 2078 2919 quod
2127 2835 2204 2900 fit
2242 2837 2312 2923 in

323 2947 684 3029 baptismo,
752 2967 945 3029 quam
991 2945 1075 3009 ad
1121 2943 1681 3011 consecrationem
1711 2943 1955 3011 altaris
2019 2950 2310 3013 accedat.

324 3057 643 3126 Similiter
677 3069 831 3122 ante
867 3069 969 3122 est
996 3055 1354 3123 membrum
1383 3055 1660 3139 Christi,
1703 3080 1895 3142 quam
1930 3060 2027 3123 sic
2058 3082 2309 3146 ungua-

326 3185 452 3237 tur.
534 3172 665 3238 Per
709 3170 1007 3257 singulos
1067 3192 1324 3255 quoque
1380 3191 1616 3236 seusus
1677 3169 1840 3236 baec
1894 3176 2114 3238 unctio
2169 3174 2319 3240 fieri

327 3284 558 3365 debet,
610 3296 683 3348 ut
728 3303 1149 3367 quaecunque
1206 3282 1513 3348 sensibus
1569 3296 1719 3347 sunt
1774 3299 2184 3369 perpetrata,
2229 3310 2317 3354 ex

326 3405 467 3466 toto
523 3397 636 3465 vel
694 3420 780 3462 ex
836 3398 1121 3462 maxima
1173 3408 1360 3478 parte
1414 3398 1853 3464 remittantur.
1948 3400 2057 3466 De
2116 3404 2317 3468 itera-

326 3516 509 3578 tione
574 3509 930 3576 secundum
991 3506 1290 3576 diversas
1358 3510 1864 3574 consuetudines
1926 3510 2044 3576 fiat
2107 3514 2322 3578 eccle·

324 3629 593 3693 siarum.
676 3620 962 3688 lacobus
1024 3623 1199 3687 enim
1257 3643 1402 3687 cum
1464 3623 1681 3688 dicat:
1746 3624 2120 3691 Infirmatur
2174 3630 2323 3711 quis

265 3746 272 3753 ’
326 3741 398 3806 in
452 3737 642 3804 vobis
698 3738 969 3802 inducat
1024 3733 1447 3819 presbyteros
1505 3735 1854 3802 ecclesiae·
1894 3751 1965 3803 et
2005 3751 2312 3826 &unguant

330 3874 478 3918 eum
531 3862 599 3915 et
657 3848 828 3914 bene
872 3846 1182 3927 habebit,
1239 3868 1374 3913 non
1413 3849 1688 3914 videtur·
1721 3848 2116 3958 prohibei-en,-
2146 3854 2323 3938 ‚quin

327 3974 678 4048 repetatur.
762 3959 869 4027 De
910 3960 1272 4047 majoribus
1315 3962 1530 4044 enim,
1587 3974 1659 4027 ut
1718 3962 2037 4045 baptismo
2081 3950 2318 4015 confir·

327 4077 618 4145 matione
662 4083 731 4149 et
771 4072 1004 4143 altaris
1047 4087 1502 4154 sacramento,
1555 4074 1805 4173 aequm
1860 4073 2000 4145 “ts
2058 4057 2328 4134 nullu‘m'
