2842 4800
539 393 654 468 58

540 561 819 631 Martini
860 564 1109 653 legitur
1151 566 1234 632 de
1295 546 1633 653 discipulis
1698 570 2097 658 lugentibus.
2187 572 2537 640 Consenti-

536 688 644 742 τοι
698 679 924 763 utique
981 682 1229 767 magis,
1293 703 1445 747 esse
1503 684 1954 770 gaudendum,
2022 689 2081 750 si
2142 688 2244 751 vis
2286 688 2537 753 doloris

538 792 864 859 rationem
919 792 1317 860 admitteret.
1406 794 1584 871 Quid
1648 798 1848 885 igitur
1912 799 2242 866 dicemus?
2329 802 2540 867 Estne

412 998 421 1005 ν
536 904 919 987 peccatum?
985 926 1117 969 non
1172 909 1398 991 ntique
1441 922 1782 991 peccatum
1826 923 1964 992 est,
2022 913 2141 977 sed
2186 915 2534 979 irrationa-

538 1015 678 1082 bile
737 1028 864 1082 est.
962 1016 1156 1084 Unde
1219 1023 1320 1085 sic
1379 1020 1714 1088 fatendum
1779 1037 1960 1089 esset
2021 1028 2272 1112 magis,
2366 1029 2540 1092 sicut

539 1128 761 1195 docuit
805 1127 1133 1213 Christus,
1175 1145 1251 1199 nt
1293 1137 1513 1200 omnia
1553 1136 1879 1201 voluntati
1923 1137 2057 1204 Dei
2085 1139 2535 1207 ’attribueren-

539 1255 670 1313 tur.
755 1243 869 1310 Sic
928 1246 1186 1330 quidem
1242 1249 1456 1334 magis
1510 1260 1717 1314 tutum
1773 1256 1987 1332 esset,
2041 1264 2114 1317 ut
2153 1255 2222 1319 in
2268 1252 2534 1340 quibus-

540 1374 795 1441 cunque
861 1379 1079 1425 rernm
1137 1359 1479 1425 eventibus
1545 1362 1790 1448 singuli
1847 1364 2251 1431 diceremus:
2321 1378 2535 1449 pater,

539 1470 662 1537 fiat
694 1472 1003 1540 voluntas
1047 1485 1184 1539 tua.
1248 1474 1364 1543 Sic
1406 1477 1581 1543 enim
1622 1478 1691 1541 in
1734 1479 2043 1558 passione
2075 1477 2258 1543 filius
2285 1478 2531 1557 docuit,

542 1606 690 1652 cum
748 1586 1012 1653 infirma
1074 1588 1363 1654 membra
1432 1610 1552 1655 sua
1612 1593 1681 1656 in
1744 1612 1819 1656 se
1884 1593 2361 1659 transformans
2404 1595 2531 1659 ait:

541 1699 789 1768 verum
832 1714 1050 1767 tamen
1096 1722 1230 1768 non
1274 1724 1460 1783 mea,
1520 1705 1639 1773 sed
1682 1716 1796 1770 tua
1840 1705 2147 1770 voluntas
2194 1706 2333 1771 fiat.
2423 1705 2536 1769 Sic

540 1835 803 1900 quoque
844 1815 1073 1883 beatus
1101 1816 1266 1884 Job:
1310 1812 1660 1907 D'ominus,
1706 1820 1940 1907 inquit,
1985 1821 2190 1901 dedit,
2237 1821 2533 1887 dominus

544 1928 845 1996 abstulit.
949 1929 1100 1995 Hoc
1159 1943 1262 1996 est
1327 1933 1587 1997 unicum
1647 1932 2006 1999 remedium
2083 1945 2150 1997 et
2184 2010 2189 2018 θ
2219 1933 2534 2001 omnimo-

545 2042 696 2109 dum
734 2045 805 2111 in
850 2045 1148 2110 omnibus
1193 2046 1537 2112 eventibus
1592 2044 1928 2113 solatium.

712 2156 802 2222 At
826 2179 984 2223 vero
1009 2159 1163 2245 quid
1191 2160 1271 2224 de
1291 2164 1700 2244 poenitentia
1717 2163 2032 2239 dicemus,
2063 2180 2207 2224 eum
2224 2161 2534 2234 sciamus,

545 2271 720 2356 quod
740 2272 980 2339 bonum
1004 2287 1105 2340 est
1125 2273 1301 2340 mala
1323 2288 1555 2340 natura
1581 2275 1771 2340 esse?
1809 2273 1946 2340 Sed
1968 2274 2146 2339 aliud
2173 2285 2276 2337 est
2295 2271 2535 2337 malum

544 2409 725 2469 esse,
760 2388 938 2455 aliud
965 2388 1232 2457 malum.
1291 2390 1490 2455 Licet
1518 2391 1693 2455 enim
1718 2387 1962 2454 malum
1987 2410 2136 2454 esse
2162 2388 2400 2452 bonum
2424 2387 2535 2462 sit,

539 2499 752 2567 bonus
797 2505 1031 2590 quippe
1093 2505 1367 2569 effectus
1431 2504 1587 2566 inde
1657 2501 1950 2582 elicitur,
2014 2501 2259 2566 malmin
2318 2511 2535 2564 temen

542 2615 808 2680 domino
856 2616 1192 2700 displicet,
1250 2605 1422 2703 qnod
1466 2616 1621 2680 inde
1664 2627 1883 2697 patet,
1943 2637 2138 2702 quum
2179 2616 2390 2697 ipsum
2419 2634 2535 2695 pu·

543 2731 666 2794 nit.
756 2727 948 2805 Quod
995 2751 1152 2816 ergo
1178 2729 1328 2795 Deo
1373 2729 1614 2812 placet,
1657 2728 1916 2812 placeat
1961 2740 2030 2793 et
2071 2727 2262 2792 nobis
2306 2726 2541 2790 eodem

543 2846 763 2922 mode,
806 2865 933 2931 quo
979 2843 1122 2922 ille,
1169 2844 1272 2906 cui
1318 2838 1470 2905 esse
1512 2840 1756 2905 melum
1797 2840 2039 2904 bonum
2077 2853 2203 2918 est,
2249 2840 2330 2903 de
2363 2840 2541 2903 omni

541 2956 718 3024 malo
762 2955 1004 3021 bo‘num
1047 2955 1250 3019 elicit.
1341 2951 1536 3029 Quod
1570 2976 1727 3019 vero
1772 2955 1836 3019 ei
1880 2953 2207 3037 displicet,
2254 2964 2322 3017 et
2361 2951 2540 3017 mala

539 3071 848 3139 voluntas
914 3081 1141 3134 nostra
1182 3081 1250 3132 et
1293 3087 1534 3152 opera,
1596 3089 1765 3155 quae
1806 3066 1962 3131 inde
2005 3066 2368 3150 procedunt
2383 3111 2404 3144 ,
2470 3077 2538 3130 et

545 3183 738 3249 nobis
781 3183 1199 3267 displiceant.
1286 3181 1594 3247 Animum
1629 3181 2042 3247 advertemus
2085 3183 2309 3268 itaque
2354 3178 2541 3244 boni-

542 3309 746 3362 tatem
790 3319 998 3375 suam,
1045 3295 1217 3383 quod
1264 3297 1359 3358 ita
1406 3314 1526 3357 nos
1571 3296 1841 3376 patitur,
1884 3293 2056 3380 quod
2103 3292 2268 3356 haec
2312 3304 2379 3355 et
2418 3289 2544 3356 illa

543 3408 721 3474 bona
764 3411 955 3476 nobis
999 3395 1331 3486 contulit,
1375 3406 1551 3493 quod
1593 3402 1726 3469 hcc
1766 3403 1878 3468 vel
1918 3403 2084 3468 illud
2128 3402 2277 3467 fieri
2318 3402 2539 3485 prohi-

543 3526 709 3591 buit.
797 3521 991 3589 Unde
1035 3522 1395 3587 bonitatem
1456 3540 1640 3584 suam
1682 3516 1852 3582 illud
1898 3515 2202 3580 faciendo
2248 3514 2538 3579 ostendi-

543 3661 713 3718 mus,
757 3641 1031 3727 quaen)
1072 3639 1284 3704 modis
1308 3636 1609 3702 omnibus
1634 3647 1703 3700 et
1723 3653 1884 3719 prae
1913 3632 2213 3698 omnibus
2257 3631 2540 3718 diligere

544 3754 897 3834 debemus,
959 3754 1241 3848 ideoque
1295 3764 1560 3836 propter
1602 3750 2023 3815 dilectionem
2063 3769 2284 3825 suam,
2342 3763 2538 3832 quam

542 3845 877 3952 peccnndo
912 3865 1438 3943 amaricavimus,
1485 3864 1825 3947 poenitere
1854 3872 1920 3925 et
1948 3859 2175 3926 dolere
2202 3857 2540 3935 debemus,

543 4002 678 4049 non
703 3981 859 4068 quia
878 3980 1033 4045 inde
1055 3977 1370 4063 puniendi
1390 3995 1638 4043 sumus.
1687 3975 1819 4052 Qui
1847 3977 2022 4041 enim
2042 3973 2125 4040 de
2141 3972 2366 4060 aliquo
2383 3989 2541 4054 poe-

543 4096 737 4175 nitet,
767 4093 926 4182 quia
946 4091 1101 4159 inde
1145 4091 1235 4159 sit
1267 4089 1656 4175 puniendus,
1698 4105 1832 4157 non
1853 4091 2081 4176 utique
2105 4083 2416 4152 dicendus
2443 4080 2546 4146 es't
