2842 4800
582 387 743 461 112

577 570 887 641 peccata,
954 578 1124 643 quae
1178 558 1398 641 pudor
1450 573 1555 627 est
1612 560 1936 627 confiteri.
2040 562 2125 626 Et
2182 559 2601 629 Ambrosius

581 671 708 735 hoc
748 673 925 737 idem
964 673 1159 737 modo
1203 673 1298 737 ibi
1343 675 1425 739 de
1468 678 1897 741 sacramentis
1947 675 2324 740 confirmat.
2420 675 2600 741 Gre-

575 787 801 870 gorius
860 807 1115 870 quoque
1181 786 1350 851 hanc
1413 764 1614 871 super
1676 788 1801 853 hoc
1859 790 2257 853 sententiam
2301 789 2597 872 profert,

576 898 746 981 quod
804 896 1054 961 nullum
1117 911 1221 965 est
1279 901 1694 965 manifestius
1765 901 2075 964 indicium
2153 904 2596 966 remissionis

571 1012 825 1092 peccati
868 1033 1060 1094 quam
1101 1010 1453 1096 lacrymae,
1501 1018 1654 1099 quia
1695 1036 1781 1079 ex
1836 1035 1962 1097 quo
2008 1035 2164 1095 prae
2201 1015 2420 1076 nimio
2472 1013 2595 1077 do·

572 1120 720 1187 lore
763 1127 1015 1204 peccati
1059 1126 1127 1189 in
1171 1123 1496 1208 lacrymas
1543 1128 1683 1209 quis
1727 1128 2115 1208 prorumpit,
2176 1137 2445 1189 certum
2487 1135 2596 1189 est

575 1236 640 1298 ei
681 1218 1013 1316 peccatum
1058 1258 1206 1300 esse
1251 1238 1608 1319 dimissum.
1690 1235 2066 1307 Notandum
2097 1249 2357 1316 tamen,
2411 1236 2595 1321 quo'd

573 1348 634 1410 si
675 1349 882 1429 pudor
920 1349 1039 1414 ille
1083 1351 1166 1415 ad
1208 1357 1538 1436 propriam
1576 1374 1921 1436 personam
1963 1352 2295 1417 referatur
2351 1373 2595 1437 super-

572 1457 684 1524 bia
729 1474 864 1540 est,
923 1465 985 1525 si
1042 1485 1197 1527 vero
1243 1467 1327 1530 ad
1383 1464 1736 1531 ecclesiam
1798 1466 2207 1548 dispensatio
2257 1463 2592 1528 salubris.

554 1571 763 1638 'Unde
806 1576 864 1638 si
908 1573 1148 1659 aliquis
1194 1599 1341 1642 cum
1381 1600 1592 1642 uxore
1646 1580 1954 1661 principis
2009 1588 2408 1667 peccasset,
2468 1574 2589 1640 vel

574 1685 710 1750 tale
769 1686 1016 1770 aliquid
1071 1689 1375 1783 fecisset,
1442 1692 1611 1774 quod
1672 1693 1988 1755 si‘sciret
2044 1689 2342 1754 ecclesia
2424 1688 2589 1751 iude

570 1799 952 1865 scandalum
991 1814 1358 1885 pateretur,
1430 1816 1497 1868 et
1563 1806 1966 1870 conscientia
2008 1824 2128 1868 sua
2169 1805 2237 1866 ei
2286 1813 2588 1869 testare·

569 1924 695 1991 tur,
743 1913 913 1996 qnod
959 1916 1018 1978 si
1059 1914 1459 1996 parochiano
1501 1937 1623 1980 suo
1666 1917 1914 1980 diceret
1956 1914 2064 1979 vel
2108 1916 2315 1978 etiam
2371 1911 2582 1977 alicui

574 2023 778 2089 celari
821 2047 951 2089 non
995 2040 1243 2108 posset,
1292 2031 1352 2092 si
1396 2028 1542 2106 hac,
1587 2030 1875 2111 inquam,
1924 2027 2427 2109 dispensatione
2472 2045 2584 2087 re-

569 2142 843 2218 ticeret,
909 2159 1040 2203 non
1098 2153 1362 2223 propter
1403 2140 1529 2205 hoc
1571 2138 1995 2204 aeternaliter
2037 2142 2409 2221 puniretur.
2503 2133 2582 2197 Si

569 2273 728 2316 vero
771 2264 1033 2335 propter
1072 2275 1255 2318 suam
1306 2255 1636 2335 propriam
1701 2273 2049 2334 personam
2113 2248 2577 2353 hocxfaceret,

570 2386 657 2430 ne
701 2364 956 2430 scilicet
996 2365 1260 2431 infamis
1306 2378 1372 2430 et
1417 2365 1881 2430 contemtibilis
1926 2364 2095 2447 apud
2138 2360 2318 2429 alios
2352 2360 2576 2437 fieret,

574 2477 878 2562 superbia
917 2480 1177 2564 quidem
1220 2492 1290 2545 et
1330 2478 1526 2545 valde
1572 2476 1941 2543 damnabile
1984 2487 2188 2542 esset.

1258 2764 1467 2849 Caput
1506 2761 1870 2831 XXXVII.

1163 2901 1253 2958 De
1297 2917 1542 2972 opernm,
1566 2902 1969 2955 satisfactiones

739 3050 906 3116 Viso
954 3048 1035 3114 de
1083 3049 1299 3114 cordis
1343 3048 1757 3126 contritione,
1806 3048 1888 3111 de
1934 3050 2067 3112 oris
2113 3049 2565 3124 confessione,

578 3168 658 3232 de
705 3184 967 3247 operum
1023 3163 1475 3226 satisfactione
1520 3161 1894 3237 videamus,
1968 3182 2134 3242 quae
2177 3164 2404 3245 utique
2450 3157 2567 3223 ad·

578 3279 840 3346 modum
883 3276 1075 3341 utilis·
1113 3287 1216 3339 est
1255 3287 1521 3356 propter
1562 3270 1984 3354 temporalem
2027 3294 2304 3354 poenam
2330 3319 2351 3352 ,
2396 3290 2579 3355 qnae.
2675 3301 2678 3304 1

576 3401 892 3456 remanet.
978 3387 1271 3453 Aeterna
1315 3407 1591 3469 namque
1639 3407 1852 3467 poena
1892 3385 2196 3451 relaxata
2237 3400 2564 3467 tempora-

575 3501 665 3568 lis
708 3503 1107 3584 relinquetur
1128 3506 1239 3578 ¹2⁵1),
1289 3512 1361 3562 ut
1390 3497 1562 3582 quod
1588 3499 1842 3562 animae
1862 3496 2099 3564 illicita
2123 3498 2563 3564 delectatione

578 3636 699 3679 seu
739 3617 939 3677 etiam
983 3611 1234 3677 carnali
1287 3609 1627 3692 voluptate
1686 3613 2098 3676 commissum
2161 3623 2302 3690 est,
2362 3606 2563 3673 satis-

575 3727 881 3791 factionis
925 3723 1354 3788 amaritudine
1396 3723 1597 3809 digne
1639 3735 1969 3809 purgetur.
2035 3720 2227 3787 Unde
2274 3734 2342 3788 et
2361 3720 2561 3786 Joan·

579 3860 733 3907 nes:
799 3839 1003 3903 facite
1072 3838 1304 3923 dignos
1348 3836 1595 3901 fructus
1636 3838 2104 3918 poenitentiae.
2186 3834 2376 3902 Tunc
2416 3832 2556 3913 dig·

579 3976 702 4020 nos
747 3955 993 4018 fructus
1036 3952 1481 4036 poenitentiae
1524 3948 1828 4029 facimus,
1870 3949 2129 4032 quando
2172 3947 2344 4034 quod
2384 3936 2555 4009 male

584 4069 1001 4160 commissum
1058 4075 1163 4130 est
1219 4066 1291 4129 in
1345 4063 1679 4148 praesenti
1740 4064 1837 4129 sic
1881 4063 2221 4145 expiatur,
2285 4068 2359 4126 nt
2394 4042 2557 4118 nihil
2649 4057 2656 4065 ’
