<?xml version="1.0" encoding="UTF-8"?>
<!DOCTYPE html PUBLIC "-//W3C//DTD XHTML 1.0 Transitional//EN"
    "http://www.w3.org/TR/xhtml1/DTD/xhtml1-transitional.dtd">
<html xmlns="http://www.w3.org/1999/xhtml" xml:lang="en" lang="en">
 <head>
  <title>
</title>
<meta http-equiv="Content-Type" content="text/html;charset=utf-8" />
  <meta name='ocr-system' content='tesseract 3.04.00' />
  <meta name='ocr-capabilities' content='ocr_page ocr_carea ocr_par ocr_line ocrx_word'/>
</head>
<body>
  <div class='ocr_page' id='page_1' title='image "./epitometheologi00rheigoog_0033.png"; bbox 0 0 2842 4800; ppageno 0'>
   <div class='ocr_carea' id='block_1_1' title="bbox 2070 407 2321 479">
    <p class='ocr_par' dir='ltr' id='par_1_1' title="bbox 2070 407 2321 479">
     <span class='ocr_line' id='line_1_1' title="bbox 2070 407 2321 479; baseline 0 0"><span class='ocrx_word' id='word_1_1' title='bbox 2070 407 2321 479; x_wconf 80' lang='lat' dir='ltr'><strong>xxlx</strong></span> 
     </span>
    </p>
   </div>
   <div class='ocr_carea' id='block_1_2' title="bbox 313 578 2340 2595">
    <p class='ocr_par' dir='ltr' id='par_1_2' title="bbox 319 578 2323 1137">
     <span class='ocr_line' id='line_1_2' title="bbox 320 578 2323 697; baseline -0 -26"><span class='ocrx_word' id='word_1_2' title='bbox 320 603 475 690; x_wconf 83' lang='lat' dir='ltr'><strong>cet,</strong></span> <span class='ocrx_word' id='word_1_3' title='bbox 534 584 1016 694; x_wconf 77' lang='lat' dir='ltr'><strong>simulatque</strong></span> <span class='ocrx_word' id='word_1_4' title='bbox 1076 578 1696 694; x_wconf 84' lang='lat' dir='ltr'><strong>Theologorum</strong></span> <span class='ocrx_word' id='word_1_5' title='bbox 1731 585 2323 697; x_wconf 65' lang='lat' dir='ltr'>oxoniensium</span> 
     </span>
     <span class='ocr_line' id='line_1_3' title="bbox 320 708 2323 845; baseline -0 -28"><span class='ocrx_word' id='word_1_6' title='bbox 320 735 605 845; x_wconf 82' lang='lat' dir='ltr'><strong>aliquis</strong></span> <span class='ocrx_word' id='word_1_7' title='bbox 688 708 942 812; x_wconf 89' lang='lat' dir='ltr'><strong>otium</strong></span> <span class='ocrx_word' id='word_1_8' title='bbox 1022 758 1261 811; x_wconf 89' lang='lat' dir='ltr'><strong>suum</strong></span> <span class='ocrx_word' id='word_1_9' title='bbox 1331 730 1885 841; x_wconf 82' lang='lat' dir='ltr'><strong>theologicum</strong></span> <span class='ocrx_word' id='word_1_10' title='bbox 1942 731 2050 812; x_wconf 89' lang='lat' dir='ltr'><strong>ad</strong></span> <span class='ocrx_word' id='word_1_11' title='bbox 2106 727 2323 816; x_wconf 81' lang='lat' dir='ltr'><strong>hanc</strong></span> 
     </span>
     <span class='ocr_line' id='line_1_4' title="bbox 319 875 2321 985; baseline 0 -24"><span class='ocrx_word' id='word_1_12' title='bbox 319 907 501 961; x_wconf 87' lang='lat' dir='ltr'><strong>rem</strong></span> <span class='ocrx_word' id='word_1_13' title='bbox 557 875 1146 985; x_wconf 76' lang='lat' dir='ltr'><strong>dijudicandam</strong></span> <span class='ocrx_word' id='word_1_14' title='bbox 1204 877 1595 960; x_wconf 84' lang='lat' dir='ltr'><strong>adhihere</strong></span> <span class='ocrx_word' id='word_1_15' title='bbox 1672 877 1870 958; x_wconf 88' lang='lat' dir='ltr'><strong>velit</strong></span> <span class='ocrx_word' id='word_1_16' title='bbox 1887 937 1912 979; x_wconf 82' lang='lat'><strong>,</strong></span> <span class='ocrx_word' id='word_1_17' title='bbox 1996 876 2082 957; x_wconf 90' lang='lat' dir='ltr'><strong>id</strong></span> <span class='ocrx_word' id='word_1_18' title='bbox 2137 878 2321 961; x_wconf 87' lang='lat' dir='ltr'><strong>fieri</strong></span> 
     </span>
     <span class='ocr_line' id='line_1_5' title="bbox 319 1040 619 1137; baseline -0.013 -29"><span class='ocrx_word' id='word_1_19' title='bbox 319 1040 619 1137; x_wconf 86' lang='lat' dir='ltr'><strong>potest.</strong></span> 
     </span>
    </p>

    <p class='ocr_par' dir='ltr' id='par_1_3' title="bbox 313 1168 2340 2595">
     <span class='ocr_line' id='line_1_6' title="bbox 551 1168 2317 1257; baseline -0.002 -6"><span class='ocrx_word' id='word_1_20' title='bbox 551 1173 872 1251; x_wconf 86' lang='lat' dir='ltr'><strong>Interea</strong></span> <span class='ocrx_word' id='word_1_21' title='bbox 903 1168 1112 1249; x_wconf 89' lang='lat' dir='ltr'><strong>liber</strong></span> <span class='ocrx_word' id='word_1_22' title='bbox 1144 1170 1379 1249; x_wconf 85' lang='lat' dir='ltr'><strong>nobis</strong></span> <span class='ocrx_word' id='word_1_23' title='bbox 1438 1169 1634 1249; x_wconf 85' lang='lat' dir='ltr'><strong>satis</strong></span> <span class='ocrx_word' id='word_1_24' title='bbox 1687 1183 2150 1257; x_wconf 77' lang='lat' dir='ltr'><strong>memoratu</strong></span> <span class='ocrx_word' id='word_1_25' title='bbox 2205 1169 2317 1253; x_wconf 82' lang='lat' dir='ltr'><strong>di-</strong></span> 
     </span>
     <span class='ocr_line' id='line_1_7' title="bbox 319 1310 2325 1429; baseline -0 -30"><span class='ocrx_word' id='word_1_26' title='bbox 319 1346 535 1429; x_wconf 80' lang='lat' dir='ltr'><strong>gnus</strong></span> <span class='ocrx_word' id='word_1_27' title='bbox 581 1342 767 1398; x_wconf 85' lang='lat' dir='ltr'><strong>esse</strong></span> <span class='ocrx_word' id='word_1_28' title='bbox 807 1316 1267 1416; x_wconf 76' lang='lat' dir='ltr'><strong>videbatur,</strong></span> <span class='ocrx_word' id='word_1_29' title='bbox 1314 1317 1450 1424; x_wconf 88' lang='lat' dir='ltr'><strong>qui</strong></span> <span class='ocrx_word' id='word_1_30' title='bbox 1489 1315 1575 1393; x_wconf 94' lang='lat' dir='ltr'><strong>in</strong></span> <span class='ocrx_word' id='word_1_31' title='bbox 1607 1314 1877 1396; x_wconf 82' lang='lat' dir='ltr'><strong>lucem</strong></span> <span class='ocrx_word' id='word_1_32' title='bbox 1909 1310 2325 1422; x_wconf 77' lang='lat' dir='ltr'><strong>proferre-</strong></span> 
     </span>
     <span class='ocr_line' id='line_1_8' title="bbox 313 1457 2320 1573; baseline -0.001 -30"><span class='ocrx_word' id='word_1_33' title='bbox 313 1477 481 1543; x_wconf 88' lang='lat' dir='ltr'><strong>tur.</strong></span> <span class='ocrx_word' id='word_1_34' title='bbox 535 1457 866 1542; x_wconf 84' lang='lat' dir='ltr'><strong>Etenim</strong></span> <span class='ocrx_word' id='word_1_35' title='bbox 891 1476 1225 1572; x_wconf 86' lang='lat' dir='ltr'><strong>praeter</strong></span> <span class='ocrx_word' id='word_1_36' title='bbox 1244 1487 1380 1542; x_wconf 84' lang='lat' dir='ltr'><strong>eas</strong></span> <span class='ocrx_word' id='word_1_37' title='bbox 1408 1484 1717 1563; x_wconf 80' lang='lat' dir='ltr'><strong>causas,</strong></span> <span class='ocrx_word' id='word_1_38' title='bbox 1753 1460 2042 1573; x_wconf 85' lang='lat' dir='ltr'><strong>quibus</strong></span> <span class='ocrx_word' id='word_1_39' title='bbox 2071 1460 2320 1572; x_wconf 82' lang='lat' dir='ltr'><strong>quod-</strong></span> 
     </span>
     <span class='ocr_line' id='line_1_9' title="bbox 314 1609 2317 1718; baseline 0 -28"><span class='ocrx_word' id='word_1_40' title='bbox 314 1609 443 1691; x_wconf 86' lang='lat' dir='ltr'><strong>vis</strong></span> <span class='ocrx_word' id='word_1_41' title='bbox 520 1609 1011 1718; x_wconf 84' lang='lat' dir='ltr'><strong>antiquitatis</strong></span> <span class='ocrx_word' id='word_1_42' title='bbox 1089 1622 1710 1688; x_wconf 86' lang='lat' dir='ltr'><strong>monumentum</strong></span> <span class='ocrx_word' id='word_1_43' title='bbox 1786 1609 2317 1690; x_wconf 84' lang='lat' dir='ltr'><strong>veneratione</strong></span> 
     </span>
     <span class='ocr_line' id='line_1_10' title="bbox 313 1751 2317 1865; baseline 0 -30"><span class='ocrx_word' id='word_1_44' title='bbox 313 1756 893 1865; x_wconf 87' lang='lat' dir='ltr'><strong>prosequimur</strong></span> <span class='ocrx_word' id='word_1_45' title='bbox 969 1768 1051 1834; x_wconf 92' lang='lat' dir='ltr'><strong>et</strong></span> <span class='ocrx_word' id='word_1_46' title='bbox 1120 1754 1575 1834; x_wconf 88' lang='lat' dir='ltr'><strong>communis</strong></span> <span class='ocrx_word' id='word_1_47' title='bbox 1663 1751 1865 1865; x_wconf 87' lang='lat' dir='ltr'><strong>juris</strong></span> <span class='ocrx_word' id='word_1_48' title='bbox 1947 1753 2317 1856; x_wconf 64' lang='lat' dir='ltr'><strong>facimus»,</strong></span> 
     </span>
     <span class='ocr_line' id='line_1_11' title="bbox 316 1894 2319 2014; baseline 0 -34"><span class='ocrx_word' id='word_1_49' title='bbox 316 1894 522 2011; x_wconf 77' lang='lat' dir='ltr'><strong>aliae</strong></span> <span class='ocrx_word' id='word_1_50' title='bbox 574 1928 896 2014; x_wconf 83' lang='lat' dir='ltr'><strong>quoque</strong></span> <span class='ocrx_word' id='word_1_51' title='bbox 953 1928 1101 1980; x_wconf 93' lang='lat' dir='ltr'><strong>nos</strong></span> <span class='ocrx_word' id='word_1_52' title='bbox 1156 1899 1675 2008; x_wconf 80' lang='lat' dir='ltr'><strong>instigarunt.</strong></span> <span class='ocrx_word' id='word_1_53' title='bbox 1770 1898 2097 1984; x_wconf 77' lang='lat' dir='ltr'><strong>Scilicet</strong></span> <span class='ocrx_word' id='word_1_54' title='bbox 2138 1925 2319 2009; x_wconf 87' lang='lat' dir='ltr'><strong>spe-</strong></span> 
     </span>
     <span class='ocr_line' id='line_1_12' title="bbox 314 2043 2318 2155; baseline -0.001 -27"><span class='ocrx_word' id='word_1_55' title='bbox 314 2046 679 2128; x_wconf 81' lang='lat' dir='ltr'><strong>ravimus</strong></span> <span class='ocrx_word' id='word_1_56' title='bbox 722 2047 992 2155; x_wconf 89' lang='lat' dir='ltr'><strong>primo</strong></span> <span class='ocrx_word' id='word_1_57' title='bbox 1052 2047 1231 2127; x_wconf 87' lang='lat' dir='ltr'><strong>loco</strong></span> <span class='ocrx_word' id='word_1_58' title='bbox 1281 2074 1505 2146; x_wconf 78' lang='lat' dir='ltr'><strong>sane,</strong></span> <span class='ocrx_word' id='word_1_59' title='bbox 1548 2060 1640 2125; x_wconf 91' lang='lat' dir='ltr'><strong>ut</strong></span> <span class='ocrx_word' id='word_1_60' title='bbox 1674 2046 1883 2127; x_wconf 86' lang='lat' dir='ltr'><strong>liber</strong></span> <span class='ocrx_word' id='word_1_61' title='bbox 1923 2043 2318 2128; x_wconf 81' lang='lat' dir='ltr'><strong>historiae</strong></span> 
     </span>
     <span class='ocr_line' id='line_1_13' title="bbox 317 2189 2320 2302; baseline -0.001 -28"><span class='ocrx_word' id='word_1_62' title='bbox 317 2192 829 2302; x_wconf 73' lang='lat' dir='ltr'><strong>dogmatum,</strong></span> <span class='ocrx_word' id='word_1_63' title='bbox 857 2194 1294 2301; x_wconf 83' lang='lat' dir='ltr'><strong>praecipue</strong></span> <span class='ocrx_word' id='word_1_64' title='bbox 1318 2191 1701 2271; x_wconf 81' lang='lat' dir='ltr'><strong>historiae</strong></span> <span class='ocrx_word' id='word_1_65' title='bbox 1721 2189 2320 2299; x_wconf 83' lang='lat' dir='ltr'><strong>Soteriologiae</strong></span> 
     </span>
     <span class='ocr_line' id='line_1_14' title="bbox 315 2335 2340 2449; baseline -0.002 -29"><span class='ocrx_word' id='word_1_66' title='bbox 315 2339 738 2420; x_wconf 87' lang='lat' dir='ltr'><strong>etEthices</strong></span> <span class='ocrx_word' id='word_1_67' title='bbox 772 2367 926 2449; x_wconf 87' lang='lat' dir='ltr'><strong>per</strong></span> <span class='ocrx_word' id='word_1_68' title='bbox 957 2339 1354 2449; x_wconf 78' lang='lat' dir='ltr'><strong>priorem,</strong></span> <span class='ocrx_word' id='word_1_69' title='bbox 1420 2363 1665 2448; x_wconf 86' lang='lat' dir='ltr'><strong>quam</strong></span> <span class='ocrx_word' id='word_1_70' title='bbox 1704 2337 2005 2438; x_wconf 87' lang='lat' dir='ltr'><strong>dicunt,</strong></span> <span class='ocrx_word' id='word_1_71' title='bbox 2055 2335 2340 2449; x_wconf 42' lang='lat' dir='ltr'><strong>Schoy</strong></span> 
     </span>
     <span class='ocr_line' id='line_1_15' title="bbox 314 2479 2316 2595; baseline -0.001 -28"><span class='ocrx_word' id='word_1_72' title='bbox 314 2487 733 2567; x_wconf 87' lang='lat' dir='ltr'><strong>lasticismi</strong></span> <span class='ocrx_word' id='word_1_73' title='bbox 779 2486 1237 2595; x_wconf 77' lang='lat' dir='ltr'><strong>periodum,</strong></span> <span class='ocrx_word' id='word_1_74' title='bbox 1276 2485 1811 2585; x_wconf 84' lang='lat' dir='ltr'><strong>enarrandae,</strong></span> <span class='ocrx_word' id='word_1_75' title='bbox 1847 2479 2316 2593; x_wconf 87' lang='lat' dir='ltr'><strong>adjumento</strong></span> 
     </span>
    </p>
   </div>
   <div class='ocr_carea' id='block_1_3' title="bbox 292 2628 2452 2741">
    <p class='ocr_par' dir='ltr' id='par_1_4' title="bbox 292 2628 2452 2741">
     <span class='ocr_line' id='line_1_16' title="bbox 292 2628 2452 2741; baseline 0 -29"><span class='ocrx_word' id='word_1_76' title='bbox 292 2633 497 2714; x_wconf 78' lang='lat' dir='ltr'><strong>‘esse</strong></span> <span class='ocrx_word' id='word_1_77' title='bbox 548 2647 793 2741; x_wconf 81' lang='lat' dir='ltr'><strong>atque</strong></span> <span class='ocrx_word' id='word_1_78' title='bbox 859 2632 1285 2713; x_wconf 88' lang='lat' dir='ltr'><strong>meliorem</strong></span> <span class='ocrx_word' id='word_1_79' title='bbox 1325 2632 1425 2713; x_wconf 94' lang='lat' dir='ltr'><strong>de</strong></span> <span class='ocrx_word' id='word_1_80' title='bbox 1471 2659 1570 2713; x_wconf 91' lang='lat' dir='ltr'><strong>eo</strong></span> <span class='ocrx_word' id='word_1_81' title='bbox 1602 2643 2052 2730; x_wconf 84' lang='lat' dir='ltr'><strong>momento,</strong></span> <span class='ocrx_word' id='word_1_82' title='bbox 2099 2628 2319 2740; x_wconf 84' lang='lat' dir='ltr'><strong>quod</strong></span> <span class='ocrx_word' id='word_1_83' title='bbox 2447 2701 2452 2712; x_wconf 88' lang='grc'>,</span> 
     </span>
    </p>
   </div>
   <div class='ocr_carea' id='block_1_4' title="bbox 320 2772 2319 2889">
    <p class='ocr_par' dir='ltr' id='par_1_5' title="bbox 320 2772 2319 2889">
     <span class='ocr_line' id='line_1_17' title="bbox 320 2772 2319 2889; baseline -0.001 -29"><span class='ocrx_word' id='word_1_84' title='bbox 320 2778 825 2861; x_wconf 87' lang='lat' dir='ltr'><strong>Abaelardus</strong></span> <span class='ocrx_word' id='word_1_85' title='bbox 848 2777 935 2857; x_wconf 94' lang='lat' dir='ltr'><strong>in</strong></span> <span class='ocrx_word' id='word_1_86' title='bbox 958 2772 1374 2889; x_wconf 82' lang='lat' dir='ltr'><strong>theologia</strong></span> <span class='ocrx_word' id='word_1_87' title='bbox 1391 2778 1610 2860; x_wconf 92' lang='lat' dir='ltr'><strong>Petri</strong></span> <span class='ocrx_word' id='word_1_88' title='bbox 1628 2775 2071 2859; x_wconf 87' lang='lat' dir='ltr'><strong>Lombardi</strong></span> <span class='ocrx_word' id='word_1_89' title='bbox 2099 2802 2319 2858; x_wconf 86' lang='lat' dir='ltr'><strong>com·</strong></span> 
     </span>
    </p>
   </div>
   <div class='ocr_carea' id='block_1_5' title="bbox 313 2987 729 3005">
    <p class='ocr_par' dir='ltr' id='par_1_6' title="bbox 313 2987 729 3005">
     <span class='ocr_line' id='line_1_18' title="bbox 313 2987 729 3005; baseline 0 1795"><span class='ocrx_word' id='word_1_90' title='bbox 313 2987 729 3005; x_wconf 95' lang='lat' dir='ltr'><strong> </strong></span> 
     </span>
    </p>
   </div>
   <div class='ocr_carea' id='block_1_6' title="bbox 473 3109 2321 4211">
    <p class='ocr_par' dir='ltr' id='par_1_7' title="bbox 473 3109 2321 4211">
     <span class='ocr_line' id='line_1_19' title="bbox 477 3109 2315 3183; baseline 0.004 -8"><span class='ocrx_word' id='word_1_91' title='bbox 477 3109 954 3179; x_wconf 79' lang='lat' dir='ltr'><strong>Universitatis</strong></span> <span class='ocrx_word' id='word_1_92' title='bbox 998 3112 1406 3180; x_wconf 82' lang='lat' dir='ltr'><strong>oxoniensis</strong></span> <span class='ocrx_word' id='word_1_93' title='bbox 1451 3113 1539 3180; x_wconf 91' lang='lat' dir='ltr'><strong>N.</strong></span> <span class='ocrx_word' id='word_1_94' title='bbox 1583 3120 1710 3182; x_wconf 89' lang='grc'><strong>458</strong></span> <span class='ocrx_word' id='word_1_95' title='bbox 1766 3118 1835 3180; x_wconf 90' lang='lat' dir='ltr'><strong>in</strong></span> <span class='ocrx_word' id='word_1_96' title='bbox 1879 3113 2051 3181; x_wconf 70' lang='grc' dir='ltr'><strong>Μεε.</strong></span> <span class='ocrx_word' id='word_1_97' title='bbox 2099 3114 2315 3183; x_wconf 87' lang='lat' dir='ltr'><strong>Codd.</strong></span> 
     </span>
     <span class='ocr_line' id='line_1_20' title="bbox 483 3211 2320 3313; baseline 0.005 -25"><span class='ocrx_word' id='word_1_98' title='bbox 483 3211 774 3313; x_wconf 72' lang='lat' dir='ltr'><strong>collegii</strong></span> <span class='ocrx_word' id='word_1_99' title='bbox 839 3224 1245 3292; x_wconf 79' lang='lat' dir='ltr'><strong>Baliolensis</strong></span> <span class='ocrx_word' id='word_1_100' title='bbox 1309 3225 1391 3291; x_wconf 82' lang='lat' dir='ltr'><strong>R.</strong></span> <span class='ocrx_word' id='word_1_101' title='bbox 1440 3231 1505 3292; x_wconf 87' lang='lat'><strong>5.</strong></span> <span class='ocrx_word' id='word_1_102' title='bbox 1549 3227 1628 3293; x_wconf 83' lang='lat' dir='ltr'><strong>P.</strong></span> <span class='ocrx_word' id='word_1_103' title='bbox 1669 3225 2029 3296; x_wconf 77' lang='lat' dir='ltr'><strong>Abaelardi</strong></span> <span class='ocrx_word' id='word_1_104' title='bbox 2090 3228 2320 3312; x_wconf 58' lang='lat' dir='ltr'><strong>Theo-3</strong></span> 
     </span>
     <span class='ocr_line' id='line_1_21' title="bbox 477 3335 2313 3429; baseline 0.005 -30"><span class='ocrx_word' id='word_1_105' title='bbox 477 3335 701 3422; x_wconf 81' lang='lat' dir='ltr'><strong>logiae</strong></span> <span class='ocrx_word' id='word_1_106' title='bbox 766 3336 919 3403; x_wconf 84' lang='lat' dir='ltr'><strong>libri</strong></span> <span class='ocrx_word' id='word_1_107' title='bbox 986 3350 1160 3418; x_wconf 81' lang='lat' dir='ltr'><strong>tres,</strong></span> <span class='ocrx_word' id='word_1_108' title='bbox 1232 3360 1506 3424; x_wconf 85' lang='lat' dir='ltr'><strong>quorum</strong></span> <span class='ocrx_word' id='word_1_109' title='bbox 1564 3342 1791 3405; x_wconf 78' lang='lat' dir='ltr'><strong>tertius</strong></span> <span class='ocrx_word' id='word_1_110' title='bbox 1856 3343 2117 3429; x_wconf 79' lang='lat' dir='ltr'><strong>integer</strong></span> <span class='ocrx_word' id='word_1_111' title='bbox 2184 3356 2313 3425; x_wconf 76' lang='lat' dir='ltr'><strong>est,</strong></span> 
     </span>
     <span class='ocr_line' id='line_1_22' title="bbox 482 3451 2321 3536; baseline 0.005 -24"><span class='ocrx_word' id='word_1_112' title='bbox 482 3468 615 3514; x_wconf 89' lang='lat' dir='ltr'><strong>non</strong></span> <span class='ocrx_word' id='word_1_113' title='bbox 673 3460 748 3513; x_wconf 86' lang='lat' dir='ltr'><strong>ut</strong></span> <span class='ocrx_word' id='word_1_114' title='bbox 797 3452 868 3515; x_wconf 90' lang='lat' dir='ltr'><strong>in</strong></span> <span class='ocrx_word' id='word_1_115' title='bbox 920 3452 1261 3534; x_wconf 76' lang='lat' dir='ltr'><strong>impressis</strong></span> <span class='ocrx_word' id='word_1_116' title='bbox 1319 3451 1587 3520; x_wconf 84' lang='lat' dir='ltr'><strong>mutilus</strong></span> <span class='ocrx_word' id='word_1_117' title='bbox 1632 3465 1703 3517; x_wconf 82' lang='lat' dir='ltr'><strong>ot</strong></span> <span class='ocrx_word' id='word_1_118' title='bbox 1742 3455 2188 3536; x_wconf 59' lang='lat' dir='ltr'><strong>imperfectum</strong></span> <span class='ocrx_word' id='word_1_119' title='bbox 2229 3490 2321 3508; x_wconf 92' lang='lat'>—</span> 
     </span>
     <span class='ocr_line' id='line_1_23' title="bbox 479 3557 2315 3653; baseline 0.005 -27"><span class='ocrx_word' id='word_1_120' title='bbox 479 3557 560 3626; x_wconf 89' lang='lat' dir='ltr'><strong>In</strong></span> <span class='ocrx_word' id='word_1_121' title='bbox 603 3559 1048 3627; x_wconf 79' lang='lat' dir='ltr'><strong>Bibliothecis</strong></span> <span class='ocrx_word' id='word_1_122' title='bbox 1094 3562 1360 3632; x_wconf 81' lang='lat' dir='ltr'><strong>Galliae</strong></span> <span class='ocrx_word' id='word_1_123' title='bbox 1418 3563 1794 3649; x_wconf 78' lang='lat' dir='ltr'><strong>hujusmodi</strong></span> <span class='ocrx_word' id='word_1_124' title='bbox 1857 3567 2118 3634; x_wconf 79' lang='lat' dir='ltr'><strong>codices</strong></span> <span class='ocrx_word' id='word_1_125' title='bbox 2160 3590 2315 3653; x_wconf 83' lang='lat' dir='ltr'><strong>per-</strong></span> 
     </span>
     <span class='ocr_line' id='line_1_24' title="bbox 479 3672 2316 3760; baseline 0.005 -24"><span class='ocrx_word' id='word_1_126' title='bbox 479 3672 640 3738; x_wconf 84' lang='lat' dir='ltr'><strong>fecti</strong></span> <span class='ocrx_word' id='word_1_127' title='bbox 682 3695 813 3738; x_wconf 90' lang='lat' dir='ltr'><strong>non</strong></span> <span class='ocrx_word' id='word_1_128' title='bbox 866 3675 1077 3741; x_wconf 77' lang='lat' dir='ltr'><strong>fuisse</strong></span> <span class='ocrx_word' id='word_1_129' title='bbox 1119 3676 1445 3741; x_wconf 84' lang='lat' dir='ltr'><strong>videntur.</strong></span> <span class='ocrx_word' id='word_1_130' title='bbox 1531 3675 1652 3742; x_wconf 79' lang='lat' dir='ltr'><strong>Ait</strong></span> <span class='ocrx_word' id='word_1_131' title='bbox 1697 3680 1871 3744; x_wconf 82' lang='lat' dir='ltr'><strong>enim</strong></span> <span class='ocrx_word' id='word_1_132' title='bbox 1916 3678 2316 3760; x_wconf 66' lang='lat' dir='ltr'><strong>Menenius,</strong></span> 
     </span>
     <span class='ocr_line' id='line_1_25' title="bbox 478 3783 2315 3868; baseline 0.005 -19"><span class='ocrx_word' id='word_1_133' title='bbox 478 3786 548 3849; x_wconf 89' lang='lat' dir='ltr'><strong>in</strong></span> <span class='ocrx_word' id='word_1_134' title='bbox 594 3783 775 3851; x_wconf 74' lang='lat' dir='ltr'><strong>obss.</strong></span> <span class='ocrx_word' id='word_1_135' title='bbox 820 3788 1108 3868; x_wconf 80' lang='lat' dir='ltr'><strong>praeviis</strong></span> <span class='ocrx_word' id='word_1_136' title='bbox 1156 3788 1240 3855; x_wconf 87' lang='lat' dir='ltr'><strong>ad</strong></span> <span class='ocrx_word' id='word_1_137' title='bbox 1282 3787 1524 3855; x_wconf 80' lang='lat' dir='ltr'><strong>Abael.</strong></span> <span class='ocrx_word' id='word_1_138' title='bbox 1573 3788 1817 3856; x_wconf 87' lang='lat' dir='ltr'><strong>Theol.</strong></span> <span class='ocrx_word' id='word_1_139' title='bbox 1867 3789 2315 3859; x_wconf 77' lang='lat' dir='ltr'><strong>Christianam</strong></span> 
     </span>
     <span class='ocr_line' id='line_1_26' title="bbox 473 3891 2313 3985; baseline 0.002 -22"><span class='ocrx_word' id='word_1_140' title='bbox 473 3896 890 3977; x_wconf 73' lang='lat' dir='ltr'><strong>(Thesaurus</strong></span> <span class='ocrx_word' id='word_1_141' title='bbox 932 3891 1282 3967; x_wconf 68' lang='lat' dir='ltr'><strong>n.&#39;Auecd.</strong></span> <span class='ocrx_word' id='word_1_142' title='bbox 1326 3900 1414 3966; x_wconf 88' lang='grc' dir='ltr'><strong>Τ.</strong></span> <span class='ocrx_word' id='word_1_143' title='bbox 1445 3900 1530 3968; x_wconf 82' lang='lat' dir='ltr'><strong>V.</strong></span> <span class='ocrx_word' id='word_1_144' title='bbox 1573 3923 1640 3985; x_wconf 81' lang='lat' dir='ltr'><strong>p.</strong></span> <span class='ocrx_word' id='word_1_145' title='bbox 1673 3907 1916 3983; x_wconf 86' lang='lat'>1148):·</span> <span class='ocrx_word' id='word_1_146' title='bbox 1947 3901 2313 3968; x_wconf 80' lang='lat' dir='ltr'><strong>Abaelardi</strong></span> 
     </span>
     <span class='ocr_line' id='line_1_27' title="bbox 475 4008 2315 4099; baseline 0.004 -25"><span class='ocrx_word' id='word_1_147' title='bbox 475 4008 879 4078; x_wconf 80' lang='lat' dir='ltr'><strong>Introductio</strong></span> <span class='ocrx_word' id='word_1_148' title='bbox 923 4011 1159 4080; x_wconf 80' lang='lat' dir='ltr'><strong>mutila</strong></span> <span class='ocrx_word' id='word_1_149' title='bbox 1202 4024 1308 4079; x_wconf 71' lang='lat' dir='ltr'><strong>est</strong></span> <span class='ocrx_word' id='word_1_150' title='bbox 1346 4015 1416 4080; x_wconf 90' lang='lat' dir='ltr'><strong>in</strong></span> <span class='ocrx_word' id='word_1_151' title='bbox 1480 4014 1721 4095; x_wconf 64' lang='lat' dir='ltr'><strong>editis.</strong></span> <span class='ocrx_word' id='word_1_152' title='bbox 1783 4035 1909 4081; x_wconf 80' lang='lat' dir='ltr'><strong>nee</strong></span> <span class='ocrx_word' id='word_1_153' title='bbox 1950 4015 2315 4099; x_wconf 75' lang='lat' dir='ltr'><strong>perfectam</strong></span> 
     </span>
     <span class='ocr_line' id='line_1_28' title="bbox 477 4122 1488 4211; baseline 0.01 -28"><span class='ocrx_word' id='word_1_154' title='bbox 477 4122 845 4192; x_wconf 72' lang='lat' dir='ltr'><strong>invenimus</strong></span> <span class='ocrx_word' id='word_1_155' title='bbox 887 4129 958 4191; x_wconf 83' lang='lat' dir='ltr'><strong>in</strong></span> <span class='ocrx_word' id='word_1_156' title='bbox 999 4127 1488 4211; x_wconf 67' lang='lat' dir='ltr'><strong>manuscriptis·</strong></span> 
     </span>
    </p>
   </div>
  </div>
 </body>
</html>
